
@book{salaun_vu_2012,
	address = {Paris},
	series = {Cahiers libres},
	title = {Vu, lu, su: les architectes de l'information face à l'oligopole du {Web}},
	isbn = {978-2-7071-7135-1},
	shorttitle = {Vu, lu, su},
	publisher = {La Découverte},
	author = {Salaün, Jean-Michel},
	year = {2012},
	keywords = {Documentation, Computer network resources, Information science, Information technology, Internet, histoire}
}

@book{bermes_web_2013,
	address = {Paris},
	title = {Le {Web} sémantique en bibliothèque},
	isbn = {978-2-7654-1417-9},
	language = {French},
	publisher = {Electre/Cercle de la librairie},
	author = {Bermès, Emmanuelle and Isaac, Antoine and Poupeau, Gautier},
	year = {2013},
	note = {OCLC: 866574281},
	keywords = {enjeux}
}

@book{delestre_du_2017,
	title = {Du {Web} des documents au {Web} sémantique},
	isbn = {979-10-92272-18-5},
	abstract = {Si nous sommes capables d'utiliser le Web pour effectuer des requêtes simples, c'est à nous qu'il revient cependant de manipuler les données, de les combiner et de les interpréter pour qu'elles se transforment en informations pertinentes. Le Web des documents reste donc principalement réservé à l'humain, la machine n'étant pas en mesure de le remplacer efficacement. Nous sommes cependant à la naissance du Web 3.0 qui porte le Web des documents vers le Web sémantique et permet aux machines d'analyser le Web pour répondre à des questions plus complexes posées par l'homme. Cet ouvrage a pour objectif de présenter, de manière progressive et pédagogique, les modèles, les langages et les techniques proposés par le Web des données et le Web sémantique. Après un rappel historique sur le Web des documents, il aborde de manière détaillée et approfondie le concept central de métadonnée en montrant comment ce dernier est représenté et utilisé en informatique. Le lecteur y trouvera, outre un chapitre sur la recherche d'information, une explication détaillée sur le Web des données et son langage d'interrogation. L'ouvrage s'achève par un chapitre sur le Web sémantique qui permet d'enrichir et de vérifier automatiquement les données du Web. Enfin une annexe propose une initiation à l'utilisation de l'éditeur Protégé, un éditeur open source, gratuit et multiplateformes pour le Web sémantique.},
	language = {French},
	author = {Delestre, Nicolas and Malandain, Nicolas and Bussi, Michel},
	year = {2017},
	note = {OCLC: 974379992},
	keywords = {enjeux}
}

@book{mons_data_2018,
	address = {Boca Raton},
	title = {Data {Stewardship} {For} {Open} {Science}: implementing {FAIR} principles},
	isbn = {978-1-4987-5317-3},
	shorttitle = {Data {Stewardship} {For} {Open} {Science}},
	abstract = {"Data scientists and data experts in general will play a key role in the sciences in the decades to come. Yet there is not a comprehensive and flexible study book for the 'data steward' of today and the future. This practical book aims to remedy that. This book is written initially from a life-science perspective, but most approaches discussed and linked are of importance for all disciplines. The basic structure follows the so-called data stewardship cycle, from study design to interpretation and long term archiving and availability of data"--},
	publisher = {CRC Press, Taylor \& Francis Group, CRC Press is an imprint of the Taylor \& Francis Group, an informa business},
	author = {Mons, Barend},
	year = {2018},
	keywords = {Information technology, Data curation, Information resources management, Management, enjeux},
	annote = {"A Chapman \& Hall Book."}
}

@book{pomerantz_metadata_2015,
	address = {Cambridge, Massachusetts ; London, England},
	series = {The {MIT} {Press} essential knowledge series},
	title = {Metadata},
	isbn = {978-0-262-52851-1},
	publisher = {The MIT Press},
	author = {Pomerantz, Jeffrey},
	year = {2015},
	keywords = {Information organization, Metadata, enjeux},
	annote = {Introduction -- Definitions -- Descriptive metadata -- Administrative metadata -- Use metadata -- Enabling technologies for metadata -- The Semantic Web -- The future of metadata}
}

@misc{nature_video_virtual_nodate,
	title = {A virtual time machine for {Venice}},
	url = {https://www.youtube.com/watch?time_continue=147&v=uQQGgYPRWfs},
	urldate = {2019-05-18},
	author = {{nature video}},
	keywords = {context}
}

@misc{world.minds_frederic_nodate,
	title = {Frédéric {Kaplan}: {The} {Venice} {Time} {Machine} (2017 {WORLD}.{MINDS} {Annual} {Symposium})},
	shorttitle = {Frédéric {Kaplan}},
	url = {https://www.youtube.com/watch?time_continue=666&v=6brInBZ-jLk},
	urldate = {2019-05-18},
	author = {{WORLD.MINDS}},
	keywords = {context}
}

@misc{arte_venice_nodate,
	title = {Venice {Time} {Machine} - {History} and {Big} {Data} (1/8)},
	url = {https://www.arte.tv/en/videos/075631-001-A/venice-time-machine-history-and-big-data-1-8/},
	abstract = {The Venice Time Machine project is digitising the 80 kilometres of the Venetian state archives, an incredibly detailed resource that will allow researchers to reconstruct the city of the past.},
	language = {en},
	urldate = {2019-05-18},
	journal = {ARTE},
	author = {ARTE},
	keywords = {context},
	file = {Snapshot:files/99/venice-time-machine-history-and-big-data-1-8.html:text/html}
}

@misc{arte_venice_nodate-1,
	title = {Venice {Time} {Machine} - {History} and {Big} {Data} (2/8) - {Preserving} the {Past}},
	url = {https://www.arte.tv/en/videos/075631-002-A/venice-time-machine-history-and-big-data-2-8/},
	abstract = {The Venice Time Machine project was born from a desire to preserve our past for future generations. How is the digitalisation of these archives actually achieved?},
	language = {en},
	urldate = {2019-05-18},
	journal = {ARTE},
	author = {ARTE},
	keywords = {context},
	file = {Snapshot:files/101/venice-time-machine-history-and-big-data-2-8.html:text/html}
}

@misc{arte_tomography_nodate,
	title = {Tomography - {The} {Digitisation} of the {Future} (3-8) - {Venice} {Time} {Machine}},
	url = {https://www.arte.tv/en/videos/075631-003-A/tomography-the-digitisation-of-the-future-3-8/},
	abstract = {Robots, 360 degree scanning and tomography: Technological approaches developed during the Venice Time Machine project are making progress in digitisation techniques.},
	language = {en},
	urldate = {2019-05-18},
	journal = {ARTE},
	author = {ARTE},
	keywords = {context},
	file = {Snapshot:files/103/tomography-the-digitisation-of-the-future-3-8.html:text/html}
}

@misc{arte_venice_nodate-2,
	title = {Venice {Time} {Machine} - {History} and {Big} {Data} (4-8) - {Making} {Sense} of {Archives}},
	url = {https://www.arte.tv/en/videos/075631-004-A/venice-time-machine-history-and-big-data-4-8/},
	abstract = {The Venice Time Machine project will use algorithms to make the digitised archive into a useful, searchable database. But will they cope with centuries old writing by many different hands?},
	language = {en},
	urldate = {2019-05-18},
	journal = {ARTE},
	author = {ARTE},
	keywords = {context},
	file = {Snapshot:files/105/venice-time-machine-history-and-big-data-4-8.html:text/html}
}

@misc{arte_venice_nodate-3,
	title = {Venice {Time} {Machine} - {History} and {Big} {Data} (5/8) - {Four}-{Dimensional} {History}},
	url = {https://www.arte.tv/en/videos/075631-005-A/venice-time-machine-history-and-big-data-5-8/},
	abstract = {A four-dimensional vision of Venice in history: By comparing today’s maps with information from older cartography and literary sources, it will be possible to create a four dimensional view of the city through the ages.},
	language = {en},
	urldate = {2019-05-18},
	journal = {ARTE},
	author = {ARTE},
	keywords = {context},
	file = {Snapshot:files/107/venice-time-machine-history-and-big-data-5-8.html:text/html}
}

@misc{arte_venice_nodate-4,
	title = {Venice {Time} {Machine} - {History} and {Big} {Data} (6/8) - {History} {Through} {Pictures}},
	url = {https://www.arte.tv/en/videos/075631-006-A/venice-time-machine-history-and-big-data-6-8/},
	abstract = {Historians today work with image banks made of millions of images. To navigate through this ocean of data, the Venice Time Machine project is developing algorithms that can understand and identify similar features in photographs and works of art.},
	language = {en},
	urldate = {2019-05-18},
	journal = {ARTE},
	author = {ARTE},
	keywords = {context},
	file = {Snapshot:files/109/venice-time-machine-history-and-big-data-6-8.html:text/html}
}

@misc{arte_venice_nodate-5,
	title = {Venice {Time} {Machine} - {History} and {Big} {Data} (8/8) - {Interpreting} {History}},
	url = {https://www.arte.tv/en/videos/075631-008-A/venice-time-machine-history-and-big-data-8-8/},
	abstract = {The Venice Time Machine will allow access to the digitised archives to the general public. Will this open access resource be open to manipulation for political ends? How will this affect the writing of history in the future?},
	language = {en},
	urldate = {2019-05-18},
	journal = {ARTE},
	author = {ARTE},
	keywords = {context},
	file = {Snapshot:files/111/venice-time-machine-history-and-big-data-8-8.html:text/html}
}

@misc{arte_venice_nodate-6,
	title = {Venice {Time} {Machine} - {History} and {Big} {Data} (7/8) - {What} {Future} {For} {Time} {Machines}?},
	shorttitle = {Venice {Time} {Machine} - {History} and {Big} {Data} (7/8) - {What} {Future} {For} {Time} {Machines}?},
	url = {https://www.arte.tv/en/videos/075631-007-A/venice-time-machine-history-and-big-data-7-8/},
	abstract = {The method developed to digitise and interpret the Venetian state archives could be applied to other cities. This could open the door to a European or Worldwide time machine, capable of showing historians and the general public the past across the globe…},
	language = {en},
	urldate = {2019-05-18},
	journal = {ARTE},
	author = {ARTE},
	keywords = {context},
	file = {Snapshot:files/113/venice-time-machine-history-and-big-data-7-8.html:text/html}
}

@misc{rts_remonter_nodate,
	title = {Remonter le temps à {Venise} - {Vidéo}},
	url = {https://www.rts.ch/play/tv/mise-au-point/video/remonter-le-temps-a-venise?id=9020497},
	abstract = {Des chercheurs de l’EPFL peaufinent leur machine à remonter le temps. Un outil de recherche unique, qui permet de compiler toutes les archives pour obtenir une reproduction exacte de Venise au cours des âges. Ballade dans le temps.},
	language = {fr},
	urldate = {2019-05-18},
	journal = {Play RTS},
	author = {{RTS}},
	keywords = {context},
	file = {Snapshot:files/117/remonter-le-temps-a-venise.html:text/html}
}

@misc{ted_frederic_nodate,
	title = {Frederic {Kaplan}: {How} {I} built an information time machine},
	shorttitle = {Frederic {Kaplan}},
	url = {https://www.youtube.com/watch?time_continue=296&v=2-Ev4rU27HY},
	urldate = {2019-05-18},
	author = {{TED}},
	keywords = {context}
}

@misc{epfl.dhlab_dh_2019,
	address = {EPFL},
	title = {{DH} {Seminar} {Lecture} 2019 - {Prof}. {Frédéric} {Kaplan}},
	url = {https://tube.switch.ch/videos/9410934a},
	urldate = {2019-05-18},
	author = {{EPFL.DHLAB}},
	month = mar,
	year = {2019},
	keywords = {context}
}

@misc{institut_national_dhistoire_de_lart_lundisnum_nodate,
	title = {\#{LundisNum} {\textbar} 11 février 2019 - {Gautier} {Poupeau} : rassembler les métadonnées des collections de l'{INA}},
	shorttitle = {\#{LundisNum} {\textbar} 11 février 2019 - {Gautier} {Poupeau}},
	url = {https://www.youtube.com/watch?list=PLsl8NWzVv6T2CQFtBOfnlA_EKLFeCFSUG&time_continue=52&v=KYOzoRPks8Q&fbclid=IwAR3QgiLH5rEPiDGFx-PPdIMVsH_83H3mJuHnn8jeJBVi2_01-jVWJa4hZW8},
	urldate = {2019-05-18},
	author = {{Institut national d'histoire de l'art}},
	keywords = {enjeux}
}

@misc{institut_national_dhistoire_de_lart_lundisnum_nodate-1,
	title = {\#{LundisNum} {\textbar} 8 janvier 2018 - {Isabella} {Di} {Lenardo} et {Benoit} {Seguin} : projet {Replica}},
	shorttitle = {\#{LundisNum} {\textbar} 8 janvier 2018 - {Isabella} {Di} {Lenardo} et {Benoit} {Seguin}},
	url = {https://www.youtube.com/watch?v=JxFMEAokjTM},
	urldate = {2019-05-18},
	author = {{Institut national d'histoire de l'art}},
	keywords = {context}
}

@misc{the_dutch_techcentre_for_life_sciences_dtl_vision_nodate,
	title = {Vision on {Open} {Science}},
	url = {https://vimeo.com/162062013},
	abstract = {The Dutch Techcentre for Life Sciences (DTL) supports Open Science: an umbrella term for a technology and data driven systemic change in how researchers work, collaborate,…},
	language = {fr},
	urldate = {2019-05-18},
	author = {{The Dutch Techcentre for Life Sciences (DTL)}},
	keywords = {enjeux},
	file = {Snapshot:files/123/162062013.html:text/html}
}

@misc{europeana_linked_nodate,
	title = {Linked {Open} {Data} - {What} is it? on {Vimeo}},
	url = {https://vimeo.com/36752317},
	urldate = {2019-05-18},
	author = {{Europeana}},
	keywords = {enjeux},
	file = {Linked Open Data - What is it? on Vimeo:files/125/36752317.html:text/html}
}

@misc{rts_invite_nodate,
	title = {L'invité de {La} {Matinale} - {Frédéric} {Kaplan}, professeur en humanités digitales à l'{EPFL} - {Radio}},
	url = {https://www.rts.ch/play/radio/linvite-e-de-la-matinale/audio/linvite-de-la-matinale-frederic-kaplan-professeur-en-humanites-digitales-a-lepfl?id=10247166},
	abstract = {Play RTS vous permet de visionner ou d'écouter de nombreuses émissions tv ou radio, quand et aussi souvent que vous le souhaitez.},
	language = {fr},
	urldate = {2019-05-18},
	journal = {Play RTS},
	author = {{RTS}},
	keywords = {context},
	file = {Snapshot:files/127/linvite-de-la-matinale-frederic-kaplan-professeur-en-humanites-digitales-a-lepfl.html:text/html}
}

@article{abbott_time_2017,
	title = {The ‘time machine’ reconstructing ancient {Venice}’s social networks},
	volume = {546},
	url = {http://www.nature.com/news/the-time-machine-reconstructing-ancient-venice-s-social-networks-1.22147},
	doi = {10.1038/546341a},
	abstract = {Machine-learning project will analyse 1,000 years of maps and manuscripts from the floating city's golden age.},
	language = {en},
	number = {7658},
	urldate = {2019-05-18},
	journal = {Nature News},
	author = {Abbott, Alison},
	month = jun,
	year = {2017},
	keywords = {context, venicetimemachine},
	pages = {341},
	file = {Snapshot:files/129/the-time-machine-reconstructing-ancient-venice-s-social-networks-1.html:text/html}
}

@article{dubuc_venice_2017,
	edition = {Le Monde},
	title = {Venice {Time} {Machine}, un canal à remonter le temps},
	url = {https://www.lemonde.fr/tant-de-temps/article/2017/12/13/venice-time-machine-un-canal-a-remonter-le-temps_5229068_4598196.html},
	abstract = {« M » prend la mesure du temps et s’intéresse aux façons de le vivre ou de le maîtriser. C’est ce qu’ont entrepris des chercheurs en reconstituant numériquement la Cité des Doges depuis le Moyen Age. Et les interactions entre ses habitants.},
	urldate = {2019-05-18},
	author = {Dubuc, Damien},
	month = dec,
	year = {2017},
	keywords = {context},
	file = {Venice Time Machine, un canal à remonter le temps:files/131/venice-time-machine-un-canal-a-remonter-le-temps_5229068_4598196.html:text/html}
}

@misc{kaplan_cartographie_2018,
	title = {La cartographie en quatre dimensions {Propos} recueillis par {Marc} {Frochaux}},
	url = {https://www.espazium.ch/fr/actualites/la-cartographie-en-quatre-dimensions},
	abstract = {Les big data au service de l’histoire? Dans toute l’Europe se constituent des «machines à remonter le temps», des systèmes d’information capables d’exploiter toutes les données connues à ce jour pour créer une nouvelle forme de cartographie qui inclurait la dimension temporelle},
	language = {fr},
	urldate = {2019-05-18},
	journal = {Espazium},
	author = {Kaplan, Frédéric},
	month = may,
	year = {2018},
	keywords = {context},
	file = {Snapshot:files/133/la-cartographie-en-quatre-dimensions.html:text/html}
}

@article{noauthor_leurope_2016,
	title = {L’{Europe} doit construire la première {Time} {Machine}},
	issn = {1423-3967},
	url = {https://www.letemps.ch/opinions/leurope-construire-premiere-time-machine},
	abstract = {Le projet Time Machine peut donner à l’Europe la technologie de son renouveau: une occasion unique pour construire notre futur à partir de notre patrimoine commun, explique, au nom des partenaires du projet, Frédéric Kaplan, professeur d’humanités digitales à l’EPFL},
	language = {fr},
	urldate = {2019-05-18},
	month = dec,
	year = {2016},
	keywords = {Technologies, context},
	file = {Snapshot:files/135/leurope-construire-premiere-time-machine.html:text/html}
}

@misc{time_machine_introduction_nodate,
	title = {Introduction},
	url = {https://timemachine.eu/},
	abstract = {The Time Machine Project is by far the most ambitious and far-reaching project ever undertaken using Big Data of the Past. Revolutionising the way we experience European history and culture, the project is an international collaboration to build a map of European history that spans thousands of years.},
	language = {en},
	urldate = {2019-05-18},
	journal = {https://timemachine.eu/},
	author = {{Time Machine}},
	keywords = {context}
}

@misc{time_machine_diamond_nodate,
	title = {Diamond},
	url = {https://diamond.timemachine.eu/},
	urldate = {2019-05-18},
	journal = {https://diamond.timemachine.eu/},
	author = {{Time Machine}},
	keywords = {context},
	file = {Diamond:files/142/diamond.timemachine.eu.html:text/html}
}

@misc{epfl.dhlab_home_nodate,
	title = {Home {\textbar} {TimeMachineBox}},
	url = {https://www.timemachinebox.eu/},
	urldate = {2019-05-18},
	author = {{EPFL.DHLAB}},
	keywords = {context},
	file = {Home | TimeMachineBox:files/144/www.timemachinebox.eu.html:text/html}
}

@misc{gmbh_time_nodate,
	title = {Time {Machine} {Atlas}},
	url = {https://timemachineatlas.eu},
	abstract = {Time Machine Atlas - online interactive historical map.},
	urldate = {2019-05-18},
	author = {GmbH, Klokan Technologies},
	keywords = {context},
	file = {Snapshot:files/146/timemachineatlas.eu.html:text/html}
}

@misc{iiif_consortium_home_nodate,
	title = {Home — {IIIF} {\textbar} {International} {Image} {Interoperability} {Framework}},
	url = {https://iiif.io/},
	urldate = {2019-05-18},
	journal = {https://iiif.io/},
	author = {IIIF Consortium},
	keywords = {enjeux},
	file = {Home — IIIF | International Image Interoperability Framework:files/150/iiif.io.html:text/html}
}

@misc{epfl_research_nodate,
	title = {Research data at {EPFL}},
	url = {https://researchdata.epfl.ch/},
	language = {en-GB},
	urldate = {2019-05-18},
	author = {{EPFL}},
	keywords = {context},
	file = {Snapshot:files/152/researchdata.epfl.ch.html:text/html}
}

@article{kaplan_big_2017,
	title = {Big {Data} of the {Past}},
	volume = {4},
	issn = {2297-2668},
	url = {http://journal.frontiersin.org/article/10.3389/fdigh.2017.00012/full},
	doi = {10.3389/fdigh.2017.00012},
	urldate = {2019-05-18},
	journal = {Frontiers in Digital Humanities},
	author = {Kaplan, Frédéric and di Lenardo, Isabella},
	month = may,
	year = {2017},
	keywords = {past, context},
	file = {Texte intégral:files/156/Kaplan et di Lenardo - 2017 - Big Data of the Past.pdf:application/pdf}
}

@article{viola_vers_2017,
	title = {Vers un marché unique numérique : faire de la révolution numérique une opportunité pour l'{Europe}},
	volume = {125},
	issn = {0987-3368, 1777-5744},
	shorttitle = {Vers un marché unique numérique},
	url = {http://www.cairn.info/revue-d-economie-financiere-2017-1-page-239.htm},
	doi = {10.3917/ecofi.125.0239},
	language = {fr},
	number = {1},
	urldate = {2019-05-18},
	journal = {Revue d'économie financière},
	author = {Viola, Roberto and Bringer, Olivier},
	year = {2017},
	keywords = {histoire},
	pages = {239}
}

@misc{couasnon_documents_2019,
	type = {document pdf},
	title = {Documents numériques {Documents} textuels},
	abstract = {Support de cours : Master « Technologies numériques appliquées à l'histoire », École Nationale des Chartes, année académique 2018-2019.},
	author = {Coüasnon, Bertrand},
	year = {2019},
	keywords = {enjeux}
}

@misc{couasnon_acces_2019,
	type = {document pdf},
	title = {Accès par le contenu aux documents manuscrits anciens numérisés},
	abstract = {Support de cours : Master « Technologies numériques appliquées à l'histoire», École Nationale des Chartes, année académique 2018-2019.},
	author = {Coüasnon, Bertrand},
	year = {2019},
	keywords = {enjeux}
}

@misc{couasnon_recherche_2019,
	type = {document pdf},
	title = {Recherche dans des images iconographiques},
	abstract = {Support de cours : Master « Technologies numériques appliquées à l'histoire», École Nationale des Chartes, année académique 2018-2019.},
	author = {Coüasnon, Bertrand},
	year = {2019},
	keywords = {enjeux}
}

@misc{oury_les_2019,
	type = {document pdf},
	title = {Les données bibliographiques : {Modélisation} et structuration},
	abstract = {Support de cours : Master « Technologies numériques appliquées à l’histoire », École Nationale des Chartes, année académique 2018-2019.},
	author = {Oury, Clément},
	year = {2019},
	keywords = {enjeux}
}

@techreport{ministere_de_la_culture_et_de_la_communication_:_direction_des_archives_de_france_ecrire_nodate,
	title = {Ecrire un cahier des charges de numérisation du patrimoine},
	url = {https://francearchives.fr/file/bf50d8fa5f554586dbf18fdc862d25970a1da0a7/static_4132.pdf},
	abstract = {Le présent document est un guide pour la rédaction d'un cahier des clauses techniquesparticulières (CCTP) d'un marché de numérisation. Il fournit également quelques exemples debordereaux de prix unitaires (BPU), qui permettent, grâce à une grille homogène, de comparersans   ambiguïté   les   différents   candidats.},
	author = {{Ministère de la Culture et de la communication : Direction des Archives de France}},
	keywords = {enjeux},
	file = {Texte intégral:files/166/Ministère de la Culture et de la communication  Direction des Archives de France - Ecrire un cahier des charges de numérisation du pa.pdf:application/pdf}
}

@article{noauthor_les_2018,
	title = {Les villes d’{Europe} prêtes à remonter le temps},
	url = {https://www.lemonde.fr/sciences/article/2018/03/06/les-villes-d-europe-pretes-a-remonter-le-temps_5266443_1650684.html},
	abstract = {La Venice Time Machine reconstitue l’évolution de Venise sur mille ans. Le projet pourrait s’étendre à d’autres cités historiques.},
	language = {fr},
	urldate = {2019-05-18},
	month = mar,
	year = {2018},
	keywords = {context},
	file = {Snapshot:files/168/les-villes-d-europe-pretes-a-remonter-le-temps_5266443_1650684.html:text/html}
}

@misc{poupeau_open_2019,
	type = {document powerpoint},
	title = {Open {Data}, {Big} data, {Data} {Mining}},
	abstract = {Support de cours : Master « Technologies numériques appliquées à l’histoire », École Nationale des Chartes, année académique 2018-2019.},
	author = {Poupeau, Gautier},
	year = {2019},
	keywords = {enjeux}
}

@misc{poupeau_modeles_2019,
	type = {document powerpoint},
	title = {Modèles conceptuels et ontologie},
	abstract = {Support de cours : Master « Technologies numériques appliquées à l’histoire », École Nationale des Chartes, année académique 2018-2019.},
	author = {Poupeau, Gautier},
	year = {2019},
	keywords = {enjeux}
}

@book{kowalczyk_digital_2018,
	address = {Santa Barbara, California},
	title = {Digital curation for libraries and archives},
	isbn = {978-1-61069-631-9},
	publisher = {Libraries Unlimited},
	author = {Kowalczyk, Stacy T.},
	year = {2018},
	keywords = {Data curation, Data curation in libraries, enjeux},
	annote = {Introduction -- Curation strategies and models -- Formats -- Metadata -- Data assurance -- Repositories -- Data management -- Disaster planning -- Digital curation assessment and planning -- Considerations in archiving personal data -- Considerations in archiving social media -- Considerations in curating research data -- Glossary -- A handbook for teachers}
}

@book{thylstrup_politics_2018,
	address = {Cambridge, MA},
	title = {The politics of mass digitization},
	isbn = {978-0-262-03901-7},
	abstract = {"Today, anyone with an internet connection can access hundreds of millions of digitized cultural artifacts from the comfort of their desk. And every day cultural institutions and private bodies add thousands of new cultural works to the digital sphere. Mass digitization is forming new central nexuses of knowledge and new ways of engaging with that knowledge. What at first glance appears to be a simple act of digitization (a transformation of singular books from boundary objects to open sets of data), at closer examination reveals a complex process teeming with diverse political, legal, and cultural investments. This book argues that mass digitization has become a global cultural political project. It offers an in-depth examination of mass digitization of cultural memory in the West and beyond. It suggests a new approach to the study of digital cultural memory archives, proposing to understand mass digitization not as neutral technical processes, but rather as distinct subpolitical processes that build new kinds of archives and new ways of interacting with these archives. And it seeks to develop a critical theoretical framework for understanding the new archival apparatuses and the politics and memory dynamics they give rise to"--},
	publisher = {The MIT Press},
	author = {Thylstrup, Nanna Bonde},
	year = {2018},
	keywords = {Archival materials, Digitization, Library materials, Copyright and digital preservation, histoire},
	annote = {Understanding mass digitization -- The trials, tribulations, and transformations of Google Books -- SovereIgn soul searching: the politics of Europeana -- The licit and illicit nature of mass digitization -- Lost in mass digitization}
}

@book{dufrene_numerisation_2013,
	address = {Paris},
	title = {Numérisation du patrimoine: quelles médiations? quels accès? quelles cultures?},
	isbn = {978-2-7056-8742-7},
	shorttitle = {Numérisation du patrimoine},
	language = {French},
	publisher = {Hermann},
	editor = {Dufrêne, Bernadette and Ihadjadene, Madjid and Bruckmann, Denis and {Université Paris Ouest Nanterre La Défense} and {Université de Paris VIII} and {Bibliothèque nationale de France}},
	year = {2013},
	note = {OCLC: 859441811},
	keywords = {histoire}
}

@book{schreibman_new_2016,
	title = {A new companion to digital humanities},
	isbn = {978-1-118-68059-9},
	abstract = {"A New Companion to Digital Humanities offers the most comprehensive and up-to-date collection of research currently available in this dynamic and burgeoning field"--Provided by publisher.},
	language = {English},
	author = {Schreibman, Susan and Siemens, Raymond George and Unsworth, John},
	year = {2016},
	note = {OCLC: 953120034},
	keywords = {digitalhumanities}
}

@book{boulaire_experimenter_2018,
	address = {Montréal},
	title = {Expérimenter les humanités numériques: {Des} outils individuels aux projets collectifs},
	isbn = {979-10-365-0173-9},
	shorttitle = {Expérimenter les humanités numériques},
	url = {http://books.openedition.org/pum/11091},
	abstract = {Univers en perpétuelle expansion et au foisonnement chaotique, Internet offre un nombre incalculable d'outils, dont l'exploration paraît parfois hors de portée. Dans le paysage des sciences humaines, les blogs, les logiciels bibliographiques, les bases de données, les éditions en ligne et les wikis, tous ces objets qui éveillaient notre curiosité il y a une décennie, sont devenus aussi anodins qu'omniprésents. Mais comment bien s'en servir ? Les appréhensions face à ces outils - et leur simple mais robuste méconnaissance - sont encore largement répandues. Or on ne peut plus ignorer leur intérêt, voire leur nécessité, et les chercheurs qui s'y essaient ne savent souvent pas par quel bout attraper ces logiciels nouveaux. C'est à cela que cet ouvrage veut les aider, de façon simple et précise, et il entend le faire sans en cacher les difficultés, mais sans dissimuler non plus qu'elles sont désormais connues, donc surmontables, et que, dans la majorité des cas, le résultat vaut tous les efforts à consentir.},
	language = {French},
	urldate = {2019-06-09},
	publisher = {Presses de l'Université de Montréal},
	author = {Boulaire, Cécile and Bourgatte, Michaël and Carabelli, Romeo and Cartier, Aurore and Chagnoux, Marie and Ducros, Jérémy and Fabre, Chloée and Fonio, Filippo and Grandi, Elisa and Hautcœur, Pierre-Cyrille and Hekimian, Raphaël and Humbert, Pierre and Idmhand, Fatiha and Mouraby, Claire and Mourlon-Druol, Emmanuel and Moysan, Magalie and Oliveau, Sébastien and Reymonet, Nathalie and Riffard, Claire and Riva, Angelo and Sich, Luisa Giari and Tessier, Laurent and Ungaro, Stefano and Walter, Richard and Cavalié, Étienne and Clavert, Frédéric and Legendre, Olivier and Martin, Dana},
	year = {2018},
	note = {OCLC: 1089419502},
	keywords = {digitalhumanities}
}

@book{noauthor_europe_2017,
	address = {Paris},
	series = {Revue d'économie financière},
	title = {L'{Europe} après 60 ans =: {Europe} 60 years later},
	isbn = {978-2-37647-006-9},
	shorttitle = {L'{Europe} après 60 ans =},
	url = {https://www.cairn.info/revue-d-economie-financiere-2017-1-page-239.htm},
	language = {fre},
	number = {no 125 (2017)},
	publisher = {Association d'Èconomie Financière},
	year = {2017},
	keywords = {histoire},
	annote = {Enthält 21 Beiträge}
}

@article{meunier_paradoxe_2019,
	title = {Le paradoxe des humanités numériques},
	issn = {0987-1381, 2105-2956},
	url = {http://journals.openedition.org/quaderni/1407},
	doi = {10.4000/quaderni.1407},
	number = {98},
	urldate = {2019-06-09},
	journal = {Quaderni},
	author = {Meunier, Jean-Guy},
	month = feb,
	year = {2019},
	keywords = {digitalhumanities},
	pages = {19--31}
}

@article{clavert_les_2019,
	title = {Les humanités numériques, un enjeu historique},
	issn = {0987-1381, 2105-2956},
	url = {http://journals.openedition.org/quaderni/1417},
	doi = {10.4000/quaderni.1417},
	number = {98},
	urldate = {2019-06-09},
	journal = {Quaderni},
	author = {Clavert, Frédéric and Schafer, Valérie},
	month = feb,
	year = {2019},
	keywords = {digitalhumanities},
	pages = {33--49}
}

@book{manning_big_2013,
	address = {London},
	title = {Big {Data} in {History}},
	isbn = {978-1-349-47853-8},
	url = {http://link.springer.com/10.1057/9781137378972},
	language = {en},
	urldate = {2019-06-09},
	publisher = {Palgrave Macmillan UK},
	author = {Manning, Patrick},
	year = {2013},
	doi = {10.1057/9781137378972},
	keywords = {enjeux}
}

@book{battu_histoire_2018,
	address = {London},
	title = {L'histoire et l'économie du monde accompagnées par les {TIC}},
	isbn = {978-1-78405-366-6},
	language = {French},
	publisher = {ISTE},
	author = {Battu, Daniel},
	year = {2018},
	note = {OCLC: 1030367775},
	keywords = {histoire}
}

@book{mattelart_histoire_2018,
	title = {Histoire de la société de l'information},
	isbn = {978-2-348-03617-0},
	abstract = {"Quel lien établir entre la gouvernance par la trace, fruit de la numérisation, et la figure ancienne d'une société perfectible fondée sur le calcul ? En quoi la surveillance est-elle devenue un phénomène de masse ? Pourquoi l'exploitation des big data engendre-t-elle de tels fantasmes d'omnipuissance ? En quoi la guerre globale au terrorisme a-t-elle reconfiguré les systèmes, procédures et protocoles de cybercontrôle ? Quelles sont les logiques et quel est le rôle des acteurs marchands ? En quoi la reconnaissance du principe de l'"universalité de l'Internet" est-elle devenue centrale dans l'optique du partage des savoirs ? Pour répondre à ces questions, cet ouvrage croise le temps long et la perspective géopolitique. Attentif aux continuités, ruptures et dérives, il donne à voir la gestation d'une promesse et d'un schéma de réorganisation du monde. Son originalité est d'aller au-delà des mythes en passant au crible les zones d'opacité du projet de "société de l'information". Une notion qui s'est longtemps donnée d'évidence sans que les citoyens aient pu exercer leur droit à un vrai débat sur sa genèse."--Page 4 de la couverture.},
	language = {French},
	author = {Mattelart, Armand},
	year = {2018},
	note = {OCLC: 1082200705},
	keywords = {histoire}
}

@article{moatti_bibliotheque_2012,
	title = {Bibliothèque numérique européenne : de l'utopie aux réalités},
	urldate = {2019-06-09},
	journal = {Réalités Industrielles},
	author = {Moatti, Alexandre},
	month = nov,
	year = {2012},
	keywords = {enjeux},
	pages = {p. 43--46}
}

@article{laulan_diversite_2018,
	title = {Diversité culturelle et mondialisation},
	volume = {80},
	issn = {9782271118806},
	url = {https://www.cairn.info/revue-hermes-la-revue-2018-1-page-168.htm},
	abstract = {Depuis sa création en 1988, la revue Hermès étudie la communication dans toute sa complexité. Le XXe siècle a vu l’explosion des techniques de communication : de la radio à la télévision, d’Internet et des réseaux à la toute-puissance des GAFA. Le bouleversement est tel que certains parlent aujourd’hui de « société », voire de « civilisation du numérique ». Pourtant, une technique ne suffit pas à constituer un projet politique ; la communication est une question qui la dépasse toujours.
À l’occasion des trente ans de la revue, c’est à un parcours à la fois rétrospectif et prospectif qu’est convié le lecteur. Associés aux trois axes de recherche privilégiés par Hermès – la cognition, la communication et la politique –, des concepts tels que l’espace public, la traduction, les controverses, le numérique, les évènements, l’information, la culture, la mondialisation, la diversité culturelle… sont analysés et mis en perspective suivant une démarche libre de toute entrave disciplinaire, c’est-à-dire résolument interdisciplinaire, qui est la marque distinctive d’Hermès. Des chercheurs et une dizaine de personnalités scientifiques, littéraires ou artistiques témoignent ici de l’importance prise par la communication comme enjeu théorique, politique et humain.
Ce numéro intéressera un vaste public : étudiants et chercheurs au premier chef, mais aussi tous les citoyens désireux de comprendre une époque profondément transformée par la mondialisation et l’essor des techniques de communication. D’ailleurs, ce n’est pas parce que les hommes disposent de davantage d’outils pour échanger plus rapidement que les murs sont tombés, que les guerres ont cessé, que les distances culturelles se sont amenuisées. L’interaction n’est pas la communication. Plus que jamais, il est indispensable de penser la communication dans son ensemble, et pas seulement dans sa dimension technique. C’est précisément ce à quoi invitent les contributions réunies dans la présente livraison d’Hermès.},
	language = {FR},
	number = {1},
	journal = {Hermès, La Revue},
	author = {Laulan, Anne-Marie},
	year = {2018},
	keywords = {altérité, cécité juridique, dimension politique accrue, universalisme en question, histoire},
	pages = {168--174}
}

@book{coutts_stepping_2017,
	address = {Cambridge, MA},
	series = {Chandos advances in information series},
	title = {Stepping away from the silos: strategic collaboration in digitisation},
	isbn = {978-0-08-100278-0},
	shorttitle = {Stepping away from the silos},
	publisher = {Chandos Publishing/Elsevier},
	author = {Coutts, Margaret},
	year = {2017},
	note = {OCLC: ocn952385918},
	keywords = {Archival materials, Digitization, Library materials, Collection development, Digital libraries, Great Britain, histoire}
}

@incollection{warwick_studying_2012,
	edition = {1},
	title = {Studying users in digital humanities},
	isbn = {978-1-85604-905-4},
	url = {https://www.cambridge.org/core/product/identifier/CBO9781856049054A009/type/book_part},
	language = {en},
	urldate = {2019-06-10},
	booktitle = {Digital {Humanities} in {Practice}},
	publisher = {Facet},
	author = {Warwick, Claire},
	editor = {Warwick, Claire and Terras, Melissa and Nyhan, Julianne},
	month = oct,
	year = {2012},
	doi = {10.29085/9781856049054.002},
	keywords = {histoire},
	pages = {1--22},
	file = {Warwick - 2012 - Studying users in digital humanities.pdf:files/204/Warwick - 2012 - Studying users in digital humanities.pdf:application/pdf}
}

@book{warwick_digital_2012,
	address = {London},
	title = {Digital humanities in practice},
	isbn = {978-1-85604-905-4},
	url = {http://www.123library.org/book_details/?id=92814},
	abstract = {"Digital humanities is a vibrant and increasingly important global field drawing together a broad spectrum of disciplines. This cutting-edge and comprehensive introduction explains the scope of the discipline and state of the art and provides a wide-ranging insight into emerging topics and avenues of research. Each chapter interweaves the expert commentary of leading academics with analysis of current research and practice, exploring the possibilities and challenges that occur when culture and digital technologies intersect. International case studies of projects ranging from crowdsourced manuscript transcription to computational reconstruction of frescoes are included in each chapter, providing a wealth of information and inspiration. QR codes within each chapter link to a dedicated website where additional content, such as further case studies, is located. This is an essential practical guide for academics, researchers, librarians and professionals involved in the digital humanities. It will also be core reading for all humanities students and those taking courses in the digital humanities in particular"--Provided by publisher.},
	language = {English},
	urldate = {2019-06-10},
	publisher = {Facet Publishing in association with UCL Centre for Digital Humanities},
	author = {Warwick, Claire and Terras, Melissa M and Nyhan, Julianne},
	year = {2012},
	note = {OCLC: 836872277},
	keywords = {digitalhumanities}
}

@book{roued-cunliffe_participatory_2017,
	address = {London},
	title = {Participatory heritage},
	isbn = {978-1-78330-123-2},
	publisher = {Facet Publishing},
	editor = {Roued-Cunliffe, Henriette and Copeland, Andrea},
	year = {2017},
	note = {OCLC: ocn971483437},
	keywords = {Archives, Cultural property, Historic preservation, Open access publishing, Open Access Publishing, Political participation, Social aspects, Social Participation, histoire}
}

@misc{epfl_history_nodate,
	title = {History of {EPFL}},
	url = {https://www.epfl.ch/about/overview/overview/history-of-epfl/},
	language = {en-GB},
	urldate = {2019-06-13},
	author = {{EPFL}},
	keywords = {context},
	file = {Snapshot:files/220/history-of-epfl.html:text/html}
}

@misc{epfl_epfl_nodate,
	title = {{EPFL} {Fribourg}},
	url = {https://www.epfl.ch/about/campus/fr/epfl-fribourg/},
	language = {fr-FR},
	urldate = {2019-06-13},
	author = {{EPFL}},
	keywords = {context},
	file = {Snapshot:files/222/epfl-fribourg.html:text/html}
}

@misc{epfl_epfl_nodate-1,
	title = {{EPFL} {Valais} {Wallis}},
	url = {https://www.epfl.ch/about/campus/fr/valais-fr/},
	language = {fr-FR},
	urldate = {2019-06-13},
	author = {{EPFL}},
	keywords = {context},
	file = {Snapshot:files/224/valais-fr.html:text/html}
}

@misc{epfl_innovation_nodate,
	title = {Innovation {Park}},
	url = {https://www.epfl-innovationpark.ch/community/companies/},
	language = {en-US},
	urldate = {2019-06-13},
	author = {{EPFL}},
	keywords = {context},
	file = {Snapshot:files/226/companies.html:text/html}
}

@misc{epfl_chiffres_nodate,
	title = {Chiffres clés},
	url = {https://www.epfl.ch/about/overview/fr/presentation/chiffres-cles/},
	language = {fr-FR},
	urldate = {2019-06-13},
	author = {{EPFL}},
	keywords = {context},
	file = {Snapshot:files/228/chiffres-cles.html:text/html}
}

@misc{epfl_vision_nodate,
	title = {La vision du {CDH}: {POLY}-perspective},
	shorttitle = {La vision du {CDH}},
	url = {https://www.epfl.ch/schools/cdh/fr/la-vision-du-cdh-poly-perspective/},
	language = {fr-FR},
	urldate = {2019-06-13},
	author = {{EPFL}},
	keywords = {context},
	file = {Snapshot:files/230/la-vision-du-cdh-poly-perspective.html:text/html}
}

@misc{epfl_cross_nodate,
	title = {{CROSS} – {Collaborative} {Research} on {Science} and {Society}},
	url = {https://www.epfl.ch/schools/cdh/fr/recherche/cross/},
	language = {fr-FR},
	urldate = {2019-06-13},
	author = {{EPFL}},
	keywords = {context},
	file = {Snapshot:files/232/cross.html:text/html}
}

@misc{epfl.dhlab_dh_nodate,
	title = {{DH} {Research}},
	url = {https://www.epfl.ch/schools/cdh/research-2/dhi/dh-research/},
	urldate = {2019-06-13},
	author = {{EPFL.DHLAB}},
	keywords = {context},
	file = {DH Research – EPFL:files/234/dh-research.html:text/html}
}

@misc{alliance_of_digital_humanities_organizations_about_nodate,
	title = {About},
	url = {http://adho.org/about},
	urldate = {2019-06-15},
	journal = {ADHO},
	author = {Alliance of Digital Humanities Organizations},
	keywords = {context},
	file = {About | ADHO:files/239/about.html:text/html}
}

@misc{noauthor_formations_nodate,
	title = {Formations offertes au {CDH}},
	url = {https://www.epfl.ch/schools/cdh/fr/formations-offertes/},
	language = {fr-FR},
	urldate = {2019-06-15},
	keywords = {context},
	file = {Snapshot:files/241/formations-offertes.html:text/html}
}

@article{varniene-janssen_authenticity_2018,
	title = {Authenticity and {Provenance} in {Long}-{Term} {Digital} {Preservation}: {Analysis} of the {Scope} of {Content}},
	volume = {82},
	issn = {1392-1487, 1392-0561},
	shorttitle = {Authenticity and {Provenance} in {Long}-{Term} {Digital} {Preservation}},
	url = {http://www.zurnalai.vu.lt/informacijos-mokslai/article/view/12291},
	doi = {10.15388/Im.2018.82.9},
	urldate = {2019-06-15},
	journal = {Informacijos mokslai},
	author = {Varnienė-Janssen, Regina and Kuprienė, Jūratė},
	month = dec,
	year = {2018},
	keywords = {enjeux},
	pages = {131--160}
}

@article{jurik_bridging_2015,
	title = {Bridging the gap between real world repositories and scalable preservation environments},
	volume = {16},
	issn = {1432-5012, 1432-1300},
	url = {http://link.springer.com/10.1007/s00799-015-0152-4},
	doi = {10.1007/s00799-015-0152-4},
	language = {en},
	number = {3-4},
	urldate = {2019-06-15},
	journal = {International Journal on Digital Libraries},
	author = {Jurik, Bolette Ammitzbøll and Blekinge, Asger Askov and Ferneke-Nielsen, Rune Bruun and Møldrup-Dalum, Per},
	month = sep,
	year = {2015},
	keywords = {enjeux},
	pages = {267--282}
}

@article{ioana_roiu_cristina_family_nodate,
	title = {From {Family} {Memories} to {Digital} {Archives} – {Europeana} and the {Educational} {Value} of its {Digital} {Collections}},
	abstract = {Mass digitisation of the collections held by GLAMs (Galleries, Libraries, Archives and Museums )
provide the users with huge historical, cultural, linguistical informational resources in digital
format, which are more and more used in educational activities all over the world. The paper
describes the experience and the outcomes of some non formal educational projects and activities
associated with the creation and re-use of the digital archives Europeana 1914-1918 and
Europeana 1989.},
	author = {{Ioana Roiu, Cristina}},
	keywords = {europeana, exemple},
	pages = {137--143}
}

@article{willems_europeana_2015,
	title = {Europeana {Newspapers}: searching digitized historical newspapers from 23 {European} countries},
	volume = {28},
	issn = {2048-7754},
	shorttitle = {Europeana {Newspapers}},
	url = {http://insights.uksg.org/articles/10.1629/uksg.218/},
	doi = {10.1629/uksg.218},
	language = {en},
	number = {1},
	urldate = {2019-06-15},
	journal = {Insights the UKSG journal},
	author = {Willems, Marieke and Atanassova, Rossitza},
	month = mar,
	year = {2015},
	keywords = {europeana, exemple},
	pages = {51--56},
	file = {Texte intégral:files/247/Willems et Atanassova - 2015 - Europeana Newspapers searching digitized historic.pdf:application/pdf}
}

@article{caraco_les_2012,
	title = {Les {Digital} humanities et les bibliothèques},
	issn = {1292-8399},
	number = {Bulletin des bibliothèques de France (BBF)},
	journal = {Bulletin des bibliothèques de France (BBF)},
	author = {Caraco, Benjamin},
	year = {2012},
	keywords = {digitalhumanities},
	pages = {69--73}
}

@misc{dh2019_digital_nodate,
	title = {Digital {Humanities} conference 2019 – {Utrecht}},
	url = {https://dh2019.adho.org/},
	language = {en-US},
	urldate = {2019-06-15},
	author = {{DH2019}},
	keywords = {digitalhumanities},
	file = {Snapshot:files/251/dh2019.adho.org.html:text/html}
}

@misc{thatcamp_humanities_nodate,
	title = {The {Humanities} and {Technology} {Camp}},
	url = {http://thatcamp.org/},
	language = {en},
	urldate = {2019-06-15},
	author = {THATCamp},
	keywords = {digitalhumanities},
	file = {Snapshot:files/252/thatcamp.org.html:text/html}
}

@misc{dhbenelux_2019_dhbenelux_nodate,
	title = {{DHBenelux} 2019},
	url = {http://2019.dhbenelux.org/},
	language = {en-US},
	urldate = {2019-06-15},
	author = {{DHBenelux 2019}},
	keywords = {digitalhumanities},
	file = {Snapshot:files/254/2019.dhbenelux.org.html:text/html}
}

@misc{association_francophone_des_humanites_numeriques_humanistica_nodate,
	title = {Humanistica},
	url = {http://www.humanisti.ca/},
	abstract = {Association francophone des humanités numériques},
	language = {fr-FR},
	urldate = {2019-06-15},
	journal = {Humanistica},
	author = {{Association francophone des humanités numériques}},
	keywords = {digitalhumanities},
	file = {Snapshot:files/256/www.humanisti.ca.html:text/html}
}

@article{gefen_humanites_2017,
	title = {Des humanités numériques en 2017},
	copyright = {La revue Mélanges de la Casa de Velázquez est mise à disposition selon les termes de la Licence Creative Commons Attribution - Pas d’Utilisation Commerciale - Pas de Modification 3.0 France.},
	issn = {0076-230X},
	url = {http://journals.openedition.org/mcv/7957},
	doi = {10.4000/mcv.7957},
	abstract = {Rares sont, en cette période de contraction budgétaire et d’interrogations sur les disciplines universitaires, les champs qui ont le vent en poupe et dont l’énoncé du nom suffit à ouvrir les cordons de la bourse des agences de financement. Tel est pourtant le cas des humanités numériques, dont la vogue internationale a accompagné la conversion numérique de nos vies. Mais les humanités numériques sont-elles une méthode ou un ensemble de méthodes, un champ d’investigation, une option méthodolog...},
	language = {fr},
	number = {47-2},
	urldate = {2019-06-17},
	journal = {Mélanges de la Casa de Velázquez. Nouvelle série},
	author = {Gefen, Alexandre},
	month = nov,
	year = {2017},
	keywords = {digitalhumanities},
	pages = {315--318},
	file = {Snapshot:files/258/7957.html:text/html;Version soumise:files/259/Gefen - 2017 - Des humanités numériques en 2017.pdf:application/pdf}
}

@misc{dariah_digital_nodate,
	title = {Digital {Research} {Infrastructure} for the {Arts} and {Humanities}},
	url = {https://www.dariah.eu/},
	language = {en-GB},
	urldate = {2019-06-17},
	author = {{DARIAH}},
	keywords = {digitalhumanities},
	file = {Snapshot:files/261/www.dariah.eu.html:text/html}
}

@misc{noauthor_recognition_nodate,
	title = {Recognition and {Enrichment} of {Archival} {Documents} {\textbar} {Projects} {\textbar} {H}2020 {\textbar} {CORDIS}},
	url = {https://cordis.europa.eu/project/rcn/198756/factsheet/en},
	urldate = {2019-06-17},
	keywords = {context, venicetimemachine},
	file = {Recognition and Enrichment of Archival Documents | Projects | H2020 | CORDIS | European Commission:files/264/en.html:text/html}
}

@misc{mounier_lou_nodate,
	type = {Billet},
	title = {Lou {Burnard} : {Du} {Literary} and linguistic computing aux {Digital} {Humanities} : retour sur 40 ans de relations entre sciences humaines et informatique},
	shorttitle = {Lou {Burnard}},
	url = {https://leo.hypotheses.org/3764},
	abstract = {Marin Dacos et Pierre Mounier  accueilleront demain Lou Burnard dans le  séminaire EHESS du Cléo sur les Digital humanities. Voici une présentation du contenu de cette séance : Les sciences humaines sont en train de vivre un...},
	language = {fr-FR},
	urldate = {2019-06-20},
	journal = {L’Édition électronique ouverte},
	author = {Mounier, Pierre},
	keywords = {digitalhumanities},
	file = {Snapshot:files/267/3764.html:text/html}
}

@article{evangelista_time_2018,
	title = {Time {Machine} dans la course au {FET} {Flagship} européen},
	copyright = {@2019 EPFL},
	url = {https://actu.epfl.ch/news/time-machine-dans-la-course-au-fet-flagship-europe/},
	abstract = {2018 est une année charnière pour le projet Venice Time Machine. Lancé en 2012, il arrive à mi-parcours, marqué par deux étapes majeures. D’une part, la volonté de donner une dimension européenne au concept de Time Machine. D’autre part, l’ouverture au public et aux historiens des plus de 2 millions de documents déjà numérisés.},
	language = {fr},
	urldate = {2019-06-20},
	author = {Evangelista, Sandy and Brouet, Anne-Muriel},
	month = feb,
	year = {2018},
	keywords = {digitalhumanities},
	file = {Snapshot:files/269/time-machine-dans-la-course-au-fet-flagship-europe.html:text/html}
}

@misc{s.l_factum_nodate,
	title = {Factum {Arte}},
	url = {http://www.factum-arte.com/aboutus},
	language = {en},
	urldate = {2019-06-20},
	author = {S.L, Factum Arte},
	keywords = {context},
	file = {Snapshot:files/271/aboutus.html:text/html}
}

@misc{epfl.dhlab_introduction_nodate,
	title = {Introduction — {dhSegment} documentation},
	url = {https://dhsegment.readthedocs.io/en/latest/intro/intro.html#use-cases},
	urldate = {2019-06-20},
	author = {{EPFL.DHLAB}},
	keywords = {context},
	file = {Introduction — dhSegment documentation:files/273/intro.html:text/html}
}

@misc{moriscl_fet_2013,
	type = {Text},
	title = {{FET} {Flagships}},
	url = {https://ec.europa.eu/programmes/horizon2020/en/h2020-section/fet-flagships},
	abstract = {FET Flagships},
	language = {en},
	urldate = {2019-06-22},
	journal = {Horizon 2020 - European Commission},
	author = {Moriscl},
	month = dec,
	year = {2013},
	keywords = {context},
	file = {Snapshot:files/276/fet-flagships.html:text/html}
}

@misc{noauthor_crise_nodate,
	title = {La crise révélée par la {Time} {Machine}},
	url = {https://www.bilan.ch/opinions/fabrice-delaye/la-crise-revelee-par-la-time-machine},
	abstract = {La crise révélée par la Time Machine},
	language = {fr},
	urldate = {2019-06-22},
	keywords = {context},
	file = {Snapshot:files/280/la-crise-revelee-par-la-time-machine.html:text/html}
}

@misc{rts_coup_2019,
	type = {{infoSport}},
	title = {Coup de frein de l'{UE} au projet de recherche "{Time} {Machine}" de l'{EPFL}},
	url = {https://www.rts.ch/info/sciences-tech/technologies/10435599-coup-de-frein-de-l-ue-au-projet-de-recherche-time-machine-de-l-epfl.html},
	abstract = {La Commission européenne a décidé de stopper le processus de sélection de ses prochains programmes de recherche géants "FET Flagships". Six projets, dont celui de l'EPFL, sont touchés.},
	language = {fr},
	urldate = {2019-06-22},
	journal = {rts.ch},
	author = {{RTS}},
	month = may,
	year = {2019},
	keywords = {context},
	file = {Snapshot:files/282/10435599-coup-de-frein-de-l-ue-au-projet-de-recherche-time-machine-de-l-epfl.html:text/html}
}

@misc{noauthor_apprentissage_2019,
	title = {Apprentissage automatique},
	copyright = {Creative Commons Attribution-ShareAlike License},
	url = {https://fr.wikipedia.org/w/index.php?title=Apprentissage_automatique&oldid=160226362},
	abstract = {L'apprentissage automatique (en anglais machine learning, littéralement « l'apprentissage machine ») ou apprentissage statistique est un  champ d'étude de l'intelligence artificielle qui se fonde sur des approches statistiques pour donner aux ordinateurs la capacité d' « apprendre » à partir de données, c'est-à-dire d'améliorer leurs performances à résoudre des tâches sans être explicitement programmés pour chacune. Plus largement, cela concerne la conception, l'analyse, le développement et l'implémentation de telles méthodes.
L'apprentissage automatique comporte généralement deux phases. La première consiste à estimer un modèle à partir de données, appelées observations, qui sont disponibles et en nombre fini, lors de la phase de conception du système. L'estimation du modèle consiste à résoudre une tâche pratique, telle que traduire un discours, estimer une densité de probabilité, reconnaître la présence d'un chat dans une photographie ou participer à la conduite d'un véhicule autonome. Cette phase dite « d'apprentissage » ou « d'entraînement » est généralement réalisée préalablement à l'utilisation pratique du modèle. La seconde phase correspond à la mise en production : le modèle étant déterminé, de nouvelles données peuvent alors être soumises afin d'obtenir le résultat correspondant à la tâche souhaitée. En pratique, certains systèmes peuvent poursuivre leur apprentissage une fois en production, pour peu qu'ils aient un moyen d'obtenir un retour sur la qualité des résultats produits.
Selon les informations disponibles durant la phase d'apprentissage, l'apprentissage est qualifié de différentes manières. Si les données sont étiquetées (c'est-à-dire que la réponse à la tâche est connue pour ces données), il s'agit d'un apprentissage supervisé. On parle de classification ou de classement si les étiquettes sont discrètes, ou de régression si elles sont continues. Si le modèle est appris de manière incrémentale en fonction d'une récompense reçue par le programme pour chacune des actions entreprises, on parle d'apprentissage par renforcement. Dans le cas le plus général, sans étiquette, on cherche à déterminer la structure sous-jacente des données (qui peuvent être une densité de probabilité) et il s'agit alors d'apprentissage non supervisé. L'apprentissage automatique peut être appliqué à différents types de données, tels des graphes, des arbres, des courbes, ou plus simplement des vecteurs de caractéristiques, qui peuvent être continues ou discrètes.},
	language = {fr},
	urldate = {2019-06-23},
	journal = {Wikipédia},
	month = jun,
	year = {2019},
	note = {Page Version ID: 160226362},
	keywords = {gloss},
	file = {Snapshot:files/286/index.html:text/html}
}

@misc{noauthor_intelligence_2019,
	title = {Intelligence artificielle},
	copyright = {Creative Commons Attribution-ShareAlike License},
	url = {https://fr.wikipedia.org/w/index.php?title=Intelligence_artificielle&oldid=160343358},
	abstract = {L'intelligence artificielle (IA) est « l'ensemble des théories et des techniques mises en œuvre en vue de réaliser des machines capables de simuler l'intelligence ». Elle correspond donc à un ensemble de concepts et de technologies plus qu'à une discipline autonome constituée. D'autres, remarquant la définition peu précise de l'IA, notamment la CNIL, introduisent ce sujet comme « le grand mythe de notre temps ».
Souvent classée dans le groupe des sciences cognitives, elle fait appel à la neurobiologie computationnelle (particulièrement aux réseaux neuronaux), à la logique mathématique (sous-discipline des mathématiques et de la philosophie) et à l'informatique. Elle recherche des méthodes de résolution de problèmes à forte complexité logique ou algorithmique. Par extension elle désigne, dans le langage courant, les dispositifs imitant ou remplaçant l'homme dans certaines mises en œuvre de ses fonctions cognitives.
Ses finalités et son développement suscitent, depuis toujours, de nombreuses interprétations, fantasmes ou inquiétudes s'exprimant tant dans les récits ou films de science-fiction que dans les essais philosophiques.},
	language = {fr},
	urldate = {2019-06-23},
	journal = {Wikipédia},
	month = jun,
	year = {2019},
	note = {Page Version ID: 160343358},
	keywords = {gloss},
	file = {Snapshot:files/288/index.html:text/html}
}

@misc{noauthor_big_2019,
	title = {Big data},
	copyright = {Creative Commons Attribution-ShareAlike License},
	url = {https://fr.wikipedia.org/w/index.php?title=Big_data&oldid=159931315},
	abstract = {Le big data, littéralement « grosses données », ou mégadonnées (recommandé,), parfois appelées données massives, désigne des ensembles de données devenus si volumineux qu'ils dépassent l'intuition et les capacités humaines d'analyse et même celles des outils informatiques classiques de gestion de base de données ou de l'information.
L’explosion quantitative (et souvent redondante) de la donnée numérique contraint à de nouvelles manières de voir et analyser le monde. De nouveaux ordres de grandeur concernent la capture, le stockage, la recherche, le partage, l'analyse et la visualisation des données. Les perspectives du traitement des big data sont énormes et en partie encore insoupçonnées ; on évoque souvent de nouvelles possibilités d'exploration de l'information diffusée par les médias, de connaissance et d'évaluation, d'analyse tendancielle et prospective (climatiques, environnementales ou encore sociopolitiques, etc.) et de gestion des risques (commerciaux, assuranciels, industriels, naturels) et de phénomènes religieux, culturels, politiques, mais aussi en termes de génomique ou métagénomique, pour la médecine (compréhension du fonctionnement du cerveau, épidémiologie, écoépidémiologie...), la météorologie et l'adaptation aux changements climatiques, la gestion de réseaux énergétiques complexes (via les smartgrids ou un futur « internet de l'énergie »), l'écologie (fonctionnement et dysfonctionnement des réseaux écologiques, des réseaux trophiques avec le GBIF par exemple), ou encore la sécurité et la lutte contre la criminalité. La multiplicité de ces applications laisse d'ailleurs déjà poindre un véritable écosystème économique impliquant, d'ores et déjà, les plus gros joueurs du secteur des technologies de l'information.
Certains[Qui ?] supposent que le big data pourrait aider les entreprises à réduire leurs risques et faciliter la prise de décision, ou créer la différence grâce à l'analyse prédictive et une « expérience client » plus personnalisée et contextualisée.
Divers experts, grandes institutions (comme le MIT aux États-Unis, le Collège de France en Europe), administrations et spécialistes sur le terrain des technologies ou des usages considèrent le phénomène big data comme l'un des grands défis informatiques de la décennie 2010-2020 et en ont fait une de leurs nouvelles priorités de recherche et développement, qui pourrait notamment conduire à l'Intelligence artificielle en étant exploré par des  réseaux de neurones artificiels autoapprenants.},
	language = {fr},
	urldate = {2019-06-23},
	journal = {Wikipédia},
	month = jun,
	year = {2019},
	note = {Page Version ID: 159931315},
	keywords = {gloss},
	file = {Snapshot:files/290/index.html:text/html}
}

@misc{noauthor_numerisation_nodate,
	title = {Numérisation},
	url = {https://fr.wikipedia.org/wiki/Num%C3%A9risation},
	urldate = {2019-06-23},
	journal = {Wikipédia},
	keywords = {gloss},
	file = {Numérisation — Wikipédia:files/292/Numérisation.html:text/html}
}

@misc{noauthor_knowledge_2017,
	title = {Knowledge {Graph}},
	copyright = {Creative Commons Attribution-ShareAlike License},
	url = {https://fr.wikipedia.org/w/index.php?title=Knowledge_Graph&oldid=138894172},
	abstract = {Le Knowledge Graph est une base de connaissance utilisée par Google pour compiler les résultats de son moteur de recherche avec des informations sémantiques issues par ailleurs de sources diverses. L'affichage du Knowledge Graph est ajouté au moteur de recherche de Google en 2012 aux États-Unis après avoir été annoncé le 16 mai 2012. Cet outil fournit une information structurée et détaillée centrée sur l'objet de la recherche, en plus de la liste d'hyperliens vers d'autres sites. L'objectif est de permettre aux utilisateurs de résoudre leur requête sans avoir besoin de naviguer vers d'autres sites pour accéder aux informations capitales.
Selon Google, ces informations sont issues de différentes sources, telles que le World Factbook de la CIA (CIA World Factbook), Wikidata, ou encore Wikipédia. Cet outil rejoint les objectifs des « moteurs de réponse » comme Ask.com (ex-Ask Jeeves) et Wolfram Alpha. En 2012, son réseau sémantique contenait plus de 500 millions d'objets et plus de 18 milliards de faits et relations entre ces différents objets utilisés par le moteur de recherche afin de comprendre la signification des mots-clefs, saisis lors de toute recherche.},
	language = {fr},
	urldate = {2019-06-23},
	journal = {Wikipédia},
	month = jul,
	year = {2017},
	note = {Page Version ID: 138894172},
	keywords = {gloss},
	file = {Snapshot:files/294/index.html:text/html}
}

@misc{noauthor_artificial_2019,
	title = {Artificial neural network},
	copyright = {Creative Commons Attribution-ShareAlike License},
	url = {https://en.wikipedia.org/w/index.php?title=Artificial_neural_network&oldid=901207463},
	abstract = {Artificial neural networks (ANN) or connectionist systems are computing systems that are inspired by, but not necessarily identical to, the biological neural networks that constitute animal brains. Such systems "learn" to perform tasks by considering examples, generally without being programmed with any task-specific rules. For example, in image recognition, they might learn to identify images that contain cats by analyzing example images that have been manually labeled as "cat" or "no cat" and using the results to identify cats in other images. They do this without any prior knowledge about cats, for example, that they have fur, tails, whiskers and cat-like faces. Instead, they automatically generate identifying characteristics from the learning material that they process.
An ANN is based on a collection of connected units or nodes called artificial neurons, which loosely model the neurons in a biological brain. Each connection, like the synapses in a biological brain, can transmit a signal from one artificial neuron to another. An artificial neuron that receives a signal can process it and then signal additional artificial neurons connected to it.
In common ANN implementations, the signal at a connection between artificial neurons is a real number, and the output of each artificial neuron is computed by some non-linear function of the sum of its inputs. The connections between artificial neurons are called 'edges'. Artificial neurons and edges typically have a weight that adjusts as learning proceeds. The weight increases or decreases the strength of the signal at a connection. Artificial neurons may have a threshold such that the signal is only sent if the aggregate signal crosses that threshold. Typically, artificial neurons are aggregated into layers. Different layers may perform different kinds of transformations on their inputs. Signals travel from the first layer (the input layer), to the last layer (the output layer), possibly after traversing the layers multiple times.
The original goal of the ANN approach was to solve problems in the same way that a human brain would. However, over time, attention moved to performing specific tasks, leading to deviations from biology. Artificial neural networks have been used on a variety of tasks, including computer vision, speech recognition, machine translation, social network filtering, playing board and video games and medical diagnosis.},
	language = {en},
	urldate = {2019-06-23},
	journal = {Wikipedia},
	month = jun,
	year = {2019},
	note = {Page Version ID: 901207463},
	keywords = {gloss},
	file = {Snapshot:files/296/index.html:text/html}
}

@misc{noauthor_cdhs_nodate,
	title = {The {CDH}’s vision: {POLY}-perspective – {EPFL}},
	shorttitle = {The {CDH}’s vision},
	url = {https://www.epfl.ch/schools/cdh/cdhs-vision/},
	language = {en-GB},
	urldate = {2019-06-23},
	keywords = {gloss},
	file = {Snapshot:files/298/cdhs-vision.html:text/html}
}

@misc{noauthor_open_2019,
	title = {Open science},
	copyright = {Creative Commons Attribution-ShareAlike License},
	url = {https://en.wikipedia.org/w/index.php?title=Open_science&oldid=900178688},
	abstract = {Open science is the movement to make scientific research (including publications, data, physical samples, and software) and its dissemination accessible to all levels of an inquiring society, amateur or professional. Open science is transparent and accessible knowledge that is shared and developed through collaborative networks. It encompasses practices such as publishing open research, campaigning for open access, encouraging scientists to practice open notebook science, and generally making it easier to publish and communicate scientific knowledge.
Open Science can be seen as a continuation of, rather than a revolution in, practices begun in the 17th century with the advent of the academic journal, when the societal demand for access to scientific knowledge reached a point at which it became necessary for groups of scientists to share resources with each other so that they could collectively do their work. In modern times there is debate about the extent to which scientific information should be shared. The conflict that led to the Open Science movement is between the desire of scientists to have access to shared resources versus the desire of individual entities to profit when other entities partake of their resources. Additionally, the status of open access and resources that are available for its promotion are likely to differ from one field of academic inquiry to another.},
	language = {en},
	urldate = {2019-06-23},
	journal = {Wikipedia},
	month = jun,
	year = {2019},
	note = {Page Version ID: 900178688},
	keywords = {gloss},
	file = {Snapshot:files/300/index.html:text/html}
}

@misc{noauthor_archive_nodate,
	title = {{ARCHiVe} {Analysis} and {Recording} of {Cultural} {Heritage} in {Venice}},
	url = {https://www.cini.it/istituti-e-centri/archive-analysis-and-recording-of-cultural-heritage-in-venice},
	abstract = {Fondazione Giorgio Cini, Factum Foundation for Digital Technology in Conservation e Digital Humanities Laboratory dell’École Polytechnique Fédérale de Lausanne (EPFL-DHLAB) lanciano un nuovo centro dedicato alla tecnologia e alla conservazione digitale del patrimonio culturale sull’isola veneziana di San Giorgio Maggiore, in Italia: ARCHiVe – Analisi e Archiviazione del Patrimonio Culturale in Venezia. L’Helen Hamlyn Trust …},
	language = {it-IT},
	urldate = {2019-06-23},
	journal = {Fondazione Giorgio Cini Onlus},
	keywords = {context},
	file = {Snapshot:files/303/archive-analysis-and-recording-of-cultural-heritage-in-venice.html:text/html}
}

@misc{noauthor_photogrammetrie_2019,
	title = {Photogrammétrie},
	copyright = {Creative Commons Attribution-ShareAlike License},
	url = {https://fr.wikipedia.org/w/index.php?title=Photogramm%C3%A9trie&oldid=159009276},
	abstract = {La photogrammétrie est une technique qui consiste à effectuer des mesures dans une scène, en utilisant la parallaxe obtenue entre des images acquises selon des points de vue différents. Recopiant la vision stéréoscopique humaine, elle a longtemps exploité celle-ci pour reconstituer le relief de la scène à partir de cette différence de points de vue. Actuellement, elle exploite de plus en plus les calculs de corrélation entre des images désormais numériques (photogrammétrie numérique).
Cette technique repose entièrement sur une modélisation rigoureuse de la géométrie des images et de leur acquisition afin de reconstituer une copie 3D exacte de la réalité.},
	language = {fr},
	urldate = {2019-06-23},
	journal = {Wikipédia},
	month = may,
	year = {2019},
	note = {Page Version ID: 159009276},
	keywords = {gloss},
	file = {Snapshot:files/305/index.html:text/html}
}

@misc{noauthor_nuage_2018,
	title = {Nuage de points (géométrie)},
	copyright = {Creative Commons Attribution-ShareAlike License},
	url = {https://fr.wikipedia.org/w/index.php?title=Nuage_de_points_(g%C3%A9om%C3%A9trie)&oldid=155223201},
	abstract = {Un nuage de points est un ensemble de points de données dans un système de coordonnées à trois dimensions. Ces points se définissent en général par les coordonnées x, y et z et servent souvent à représenter la façade d'un objet. Un numériseur balaie une surface extérieure dans ses trois dimensions pour en générer un nuage. Ses faisceaux prennent des mesures à un grand nombre de points d'une façon automatique pour produire le nuage sous forme de fichier de données.
Tandis que le rendement et l'inspection direct d'un nuage sont possibles, il n'est pas en général praticable d'en faire une utilisation directe dans la plupart d'applications à trois dimensions. Le procédé courant est donc d'élaborer une maille par une technique de reconstruction de surface. Il existe plusieurs techniques pour transformer un nuage en surface à trois dimensions. Certaines approches, telles que la triangulation de Delaunay, revêtent les sommets du nuage d'une maille triangulaire (voire d'une mosaïque de photos), alors que d'autres approches convertissent les points en champ volumétrique à l'aide d'un algorithme infographique.
Le balayage à 3D rend les nuages de points utiles à de nombreuses applications. La métrologie et l'inspection industrielles sont deux domaines qui peuvent employer un nuage de points tel quel. Le nuage de points d'une pièce fabriquée peut être aligné sur un modèle, voire un second nuage, pour identifier les différences. Ces différences peuvent s'afficher sous forme de graphique qui indiquent, d'une manière visuelle, les écarts entre la pièce fabriquée et le patron. Il est également possible de tirer des tolérances et des dimensions géométriques directement du nuage. Les nuages de points servent aussi à représenter des données volumétriques, utilisées par des domaines tels que l'imagerie médicale. Ces nuages facilitent l'échantillonnage multiple et la compression des données. Les nuages sont en plus un moyen de dresser le modelé d'un terrain arpenté ou un modèle en 3D d'un environnement urbain. Ils s'avèrent utiles dans l'élaboration d'une sauvegarde numérique pour les objets d'art et la patrimoine de valeur inestimable.},
	language = {fr},
	urldate = {2019-06-23},
	journal = {Wikipédia},
	month = dec,
	year = {2018},
	note = {Page Version ID: 155223201},
	keywords = {gloss},
	file = {Snapshot:files/307/index.html:text/html}
}

@misc{epfl.dhlab_2016_nodate,
	title = {2016 – 2020 {ScanVan} ({FNS})},
	url = {https://dhlab.epfl.ch/page-96350-en-html/page-152926-en-html/},
	language = {en-GB},
	urldate = {2019-06-23},
	author = {{EPFL.DHLAB}},
	keywords = {context},
	file = {Snapshot:files/309/page-152926-en-html.html:text/html}
}

@misc{iconem_iconem_nodate,
	title = {Iconem},
	url = {http://iconem.com/en/},
	urldate = {2019-06-23},
	author = {Iconem},
	keywords = {context},
	file = {Iconem:files/311/en.html:text/html}
}

@misc{noauthor_traitement_2019,
	title = {Traitement automatique du langage naturel},
	copyright = {Creative Commons Attribution-ShareAlike License},
	url = {https://fr.wikipedia.org/w/index.php?title=Traitement_automatique_du_langage_naturel&oldid=159047154},
	abstract = {Le traitement automatique du langage naturel (abr. TALN), ou traitement automatique de la langue naturelle, ou encore traitement automatique des langues (abr. TAL), est un domaine multidisciplinaire impliquant la linguistique, l'informatique et l'intelligence artificielle. Il vise à créer des outils de traitement de la langue naturelle pour diverses applications. Il ne doit pas être confondu avec la linguistique informatique, qui vise à comprendre les langues au moyen d'outils informatiques. 
Le TALN est sorti des laboratoires de recherche pour être progressivement mis en œuvre dans des applications informatiques nécessitant l'intégration du langage humain à la machine. Aussi le TALN est-il parfois appelé ingénierie linguistique. En France, le traitement automatique de la langue naturelle a sa revue, Traitement automatique des langues, publiée par l’Association pour le traitement automatique des langues (ATALA).},
	language = {fr},
	urldate = {2019-06-23},
	journal = {Wikipédia},
	month = may,
	year = {2019},
	note = {Page Version ID: 159047154},
	keywords = {gloss},
	file = {Snapshot:files/313/index.html:text/html}
}

@misc{epfl.dhlab_2017-2020_nodate,
	title = {2017-2020 {Impresso} ({FNS})},
	url = {https://dhlab.epfl.ch/page-96350-en-html/page-150782-en-html/},
	language = {en-GB},
	urldate = {2019-06-23},
	author = {{EPFL.DHLAB}},
	keywords = {context},
	file = {Snapshot:files/315/page-150782-en-html.html:text/html}
}

@misc{noauthor_reconnaissance_2018,
	title = {Reconnaissance d'entités nommées},
	copyright = {Creative Commons Attribution-ShareAlike License},
	url = {https://fr.wikipedia.org/w/index.php?title=Reconnaissance_d%27entit%C3%A9s_nomm%C3%A9es&oldid=144628341},
	abstract = {La reconnaissance d'entités nommées est une sous-tâche de l'activité d'extraction d'information dans des corpus documentaires. Elle consiste à rechercher des objets textuels (c'est-à-dire un mot, ou un groupe de mots) catégorisables dans des classes telles que noms de personnes, noms d'organisations ou d'entreprises, noms de lieux, quantités, distances, valeurs, dates, etc.},
	language = {fr},
	urldate = {2019-06-23},
	journal = {Wikipédia},
	month = jan,
	year = {2018},
	note = {Page Version ID: 144628341},
	keywords = {context},
	file = {Snapshot:files/317/index.html:text/html}
}

@misc{noauthor_reconnaissance_2017,
	title = {Reconnaissance optique de caractères},
	copyright = {Creative Commons Attribution-ShareAlike License},
	url = {https://fr.wikipedia.org/w/index.php?title=Reconnaissance_optique_de_caract%C3%A8res&oldid=139202141},
	abstract = {La reconnaissance optique de caractères (ROC), en anglais optical character recognition (OCR), ou océrisation, désigne les procédés informatiques pour la traduction d'images de textes imprimés ou dactylographiés en fichiers de texte.
Un ordinateur réclame pour l'exécution de cette tâche un logiciel d'OCR. Celui-ci permet de récupérer le texte dans l'image d'un texte imprimé et de le sauvegarder dans un fichier pouvant être exploité dans un traitement de texte pour enrichissement, et stocké dans une base de données ou sur un autre support exploitable par un système informatique.},
	language = {fr},
	urldate = {2019-06-23},
	journal = {Wikipédia},
	month = jul,
	year = {2017},
	note = {Page Version ID: 139202141},
	keywords = {gloss},
	file = {Snapshot:files/319/index.html:text/html}
}

@misc{noauthor_deep_2019,
	title = {Deep learning},
	copyright = {Creative Commons Attribution-ShareAlike License},
	url = {https://en.wikipedia.org/w/index.php?title=Deep_learning&oldid=902979782},
	abstract = {Deep learning  (also known as deep structured learning  or hierarchical learning) is part of a broader family of machine learning methods based on artificial neural networks. Learning can be supervised, semi-supervised or unsupervised.Deep learning architectures such as deep neural networks, deep belief networks, recurrent neural networks and convolutional neural networks have been applied to fields including computer vision, speech recognition, natural language processing, audio recognition, social network filtering, machine translation, bioinformatics, drug design, medical image analysis, material inspection and board game programs, where they have produced results comparable to and in some cases superior to human experts.Artificial Neural Networks (ANNs) were inspired by information processing and distributed communication nodes in biological systems. ANNs have various differences from biological brains.  Specifically, neural networks tend to be static and symbolic, while the biological brain of most living organisms is dynamic (plastic) and analog.},
	language = {en},
	urldate = {2019-06-23},
	journal = {Wikipedia},
	month = jun,
	year = {2019},
	note = {Page Version ID: 902979782},
	keywords = {gloss},
	file = {Snapshot:files/321/index.html:text/html}
}

@misc{noauthor_inference_2019,
	title = {Inference engine},
	copyright = {Creative Commons Attribution-ShareAlike License},
	url = {https://en.wikipedia.org/w/index.php?title=Inference_engine&oldid=893894240},
	abstract = {In the field of Artificial Intelligence, inference engine is a component of the system that applies logical rules to the knowledge base to deduce new information. The first inference engines were components of expert systems. The typical expert system consisted of a knowledge base and an inference engine. The knowledge base stored facts about the world. The inference engine applies logical rules to the knowledge base and deduced new knowledge. This process would iterate as each new fact in the knowledge base could trigger additional rules in the inference engine. Inference engines work primarily in one of two modes either special rule or facts: forward chaining and backward chaining. Forward chaining starts with the known facts and asserts new facts. Backward chaining starts with goals, and works backward to determine what facts must be asserted so that the goals can be achieved.},
	language = {en},
	urldate = {2019-06-23},
	journal = {Wikipedia},
	month = apr,
	year = {2019},
	note = {Page Version ID: 893894240},
	keywords = {gloss},
	file = {Snapshot:files/323/index.html:text/html}
}

@misc{europeana_europeana_nodate,
	title = {Europeana {Collections}},
	url = {https://www.europeana.eu/portal/?locale=en},
	abstract = {Explore 57,621,071 artworks, artefacts, books, films and music from European museums, galleries, libraries and archives},
	language = {en},
	urldate = {2019-06-23},
	journal = {Europeana Collections},
	author = {Europeana},
	keywords = {context},
	file = {Snapshot:files/325/en.html:text/html}
}

@misc{university_of_antwerp_antwerp_nodate,
	title = {Antwerp {Time} {Machine}},
	url = {https://www.uantwerpen.be/en/projects/antwerp-time-machine/},
	urldate = {2019-06-23},
	author = {University of Antwerp},
	keywords = {context},
	file = {Antwerp Time Machine - University of Antwerp:files/331/antwerp-time-machine.html:text/html}
}

@misc{amsterdam_time_machine_amsterdam_nodate,
	title = {Amsterdam {Time} {Machine}},
	url = {https://amsterdamtimemachine.nl/},
	language = {en-US},
	urldate = {2019-06-23},
	author = {{Amsterdam Time Machine}},
	keywords = {context},
	file = {Snapshot:files/333/amsterdamtimemachine.nl.html:text/html}
}

@misc{hungaricana_budapest_nodate,
	title = {Budapest {Time} {Machine}},
	url = {https://hungaricana.hu/en/budapest-idogep/},
	urldate = {2019-06-23},
	author = {Hungaricana},
	keywords = {context},
	file = {Budapest Time Machine | Hungaricana:files/335/budapest-idogep.html:text/html}
}

@misc{noauthor_dresden_nodate,
	title = {Dresden {Time} {Machine} - {Google} {Search}},
	url = {https://www.google.com/search?client=firefox-b-d&q=Dresden+Time+Machine},
	urldate = {2019-06-23},
	file = {Dresden Time Machine - Google Search:files/337/search.html:text/html}
}

@misc{time_machine_local_nodate,
	title = {Local {Time} {Machines} {\textbar} {Time} {Machine} {Europe}},
	url = {https://timemachine.eu/time-machines/},
	urldate = {2019-06-23},
	author = {{Time Machine}},
	keywords = {context},
	file = {Local Time Machines | Time Machine Europe:files/339/time-machines.html:text/html}
}

@book{clavert_histoire_2013,
	title = {L'histoire contemporaine à l'ère numérique {Contemporary} history in the digital age},
	isbn = {978-3-0352-6340-4},
	url = {http://site.ebrary.com/id/10819452},
	language = {Texte en français ou en anglais.},
	urldate = {2019-06-25},
	author = {Clavert, Frédéric and Noiret, Serge},
	year = {2013},
	note = {OCLC: 894315404},
	keywords = {google, exemple}
}

@article{green_big_2010,
	title = {Big digitisation: {Origins}, progress and prospects},
	volume = {4},
	issn = {1753-8548, 1755-1706},
	shorttitle = {Big digitisation},
	url = {http://www.euppublishing.com/doi/abs/10.3366/ijhac.2011.0007},
	doi = {10.3366/ijhac.2011.0007},
	language = {en},
	number = {1-2},
	urldate = {2019-06-25},
	journal = {International Journal of Humanities and Arts Computing},
	author = {Green, Andrew},
	month = oct,
	year = {2010},
	keywords = {histoire},
	pages = {55--66}
}

@book{association_pour_le_patrimoine_naturel_et_culturel_du_canton_de_vaud_patrimoine_2012,
	address = {Lausanne},
	title = {Patrimoine numérique, numérisation du patrimoine},
	publisher = {Réseaux Patrimoines},
	author = {{Association pour le patrimoine naturel et culturel du canton de Vaud}},
	month = nov,
	year = {2012},
	keywords = {histoire}
}

@book{xie_discover_2016,
	address = {Amsterdam Boston Heidelberg},
	title = {Discover digital libraries: theory and practice},
	isbn = {978-0-12-417112-1},
	shorttitle = {Discover digital libraries},
	language = {eng},
	publisher = {Elsevier},
	author = {Xie, Iris and Matusiak, Krystyna K.},
	year = {2016},
	note = {OCLC: 907120360},
	keywords = {histoire}
}

@book{calhoun_exploring_2014,
	address = {Chicago},
	title = {Exploring digital libraries. {Foundations}, practice, prospects.},
	isbn = {978-1-55570-985-3},
	abstract = {Calhoun\&\#x92;s textbook is a highly readable, thought-provoking authoritative and in-depth treatment of the digital library arena. It provides an up-to-date overview of the progress, nature and future impact of digital libraries, from their collections and technology-centered foundations over two decades ago to their emergent, community-centered engagement with the social web. This landmark text 0Brings students and working librarians up to date on the progress, nature and impact of digital libraries, bridging the gap since the publication of the best-known digital library texts0Frames digital library research and practice in the context of the social web and makes the case for moving beyond collections to a new emphasis on libraries\&\#x92; value to their communities0Introduces several new frameworks and novel syntheses that elucidate digital library themes, suggest strategic directions, and break new ground in the digital library literature0Calls attention to digital library research, but is written from the perspective of strategy and in-depth experience0Provides a global perspective and integrates material from many sources in one place - the chapters on open repositories and hybrid libraries draw together past, present and prospective work in a way that is unique in the literature0This book suits the needs of a range of readers, from working librarians and library leaders to LIS students and educators, or anyone who wants a highly readable and thought-provoking overview of the field and its importance to the future of libraries.0.},
	language = {English},
	publisher = {American Library Association},
	author = {Calhoun, Karen},
	year = {2014},
	note = {OCLC: 894201348},
	keywords = {histoire}
}

@article{dubis_web_2003,
	title = {Web {Resources} for the {Study} of {New} {Testament} {Backgrounds}},
	volume = {6},
	issn = {1047-7845, 1528-6924},
	url = {http://www.tandfonline.com/doi/abs/10.1300/J112v06n01_02},
	doi = {10.1300/J112v06n01_02},
	language = {en},
	number = {1},
	urldate = {2019-06-27},
	journal = {Journal of Religious \& Theological Information},
	author = {Dubis, Mark},
	month = jan,
	year = {2003},
	keywords = {histoire},
	pages = {3--9}
}

@article{coyle_mass_2006,
	title = {Mass {Digitization} of {Books}},
	volume = {32},
	issn = {00991333},
	url = {https://linkinghub.elsevier.com/retrieve/pii/S0099133306001534},
	doi = {10.1016/j.acalib.2006.08.002},
	language = {en},
	number = {6},
	urldate = {2019-06-27},
	journal = {The Journal of Academic Librarianship},
	author = {Coyle, Karen},
	month = nov,
	year = {2006},
	keywords = {histoire},
	pages = {641--645}
}

@article{leetaru_mass_2008,
	title = {Mass book digitization: {The} deeper story of {Google} {Books} and the {Open} {Content} {Alliance}},
	volume = {13},
	issn = {13960466},
	shorttitle = {Mass book digitization},
	url = {http://journals.uic.edu/ojs/index.php/fm/article/view/2101},
	doi = {10.5210/fm.v13i10.2101},
	urldate = {2019-06-27},
	journal = {First Monday},
	author = {Leetaru, Kalev},
	month = oct,
	year = {2008},
	keywords = {google, exemple}
}

@article{gertz_selection_2000,
	title = {Selection for {Preservation} in the {Digital} {Age}},
	volume = {44},
	issn = {0024-2527, 2159-9610},
	url = {https://journals.ala.org/lrts/article/view/5012},
	doi = {10.5860/lrts.44n2.97},
	number = {2},
	urldate = {2019-06-29},
	journal = {Library Resources \& Technical Services},
	author = {Gertz, Janet},
	month = apr,
	year = {2000},
	keywords = {histoire},
	pages = {97--104},
	file = {Texte intégral:files/357/Gertz - 2000 - Selection for Preservation in the Digital Age.pdf:application/pdf}
}

@article{cox_authors_2015,
	title = {Authors {Guild} v. {HathiTrust} {Litigation} {Ends} in {Victory} for {Fair} {Use}},
	journal = {ARL Policy Notes blog},
	author = {Cox, Krista},
	month = aug,
	year = {2015},
	keywords = {histoire}
}

@article{george_testing_2005,
	title = {Testing the barriers to digital libraries: {A} study seeking copyright permission to digitize published works},
	volume = {106},
	issn = {0307-4803},
	shorttitle = {Testing the barriers to digital libraries},
	url = {https://www.emeraldinsight.com/doi/10.1108/03074800510608648},
	doi = {10.1108/03074800510608648},
	language = {en},
	number = {7/8},
	urldate = {2019-06-29},
	journal = {New Library World},
	author = {George, Carole A.},
	month = jul,
	year = {2005},
	keywords = {histoire},
	pages = {332--342}
}

@article{meissner_more_2010,
	title = {More {Application} while {Less} {Appreciation}: {The} {Adopters} and {Antagonists} of {MPLP}},
	volume = {8},
	issn = {1533-2748, 1533-2756},
	shorttitle = {More {Application} while {Less} {Appreciation}},
	url = {http://www.tandfonline.com/doi/abs/10.1080/15332748.2010.554069},
	doi = {10.1080/15332748.2010.554069},
	language = {en},
	number = {3-4},
	urldate = {2019-06-29},
	journal = {Journal of Archival Organization},
	author = {Meissner, Dennis and Greene, Mark A.},
	month = jul,
	year = {2010},
	keywords = {histoire},
	pages = {174--226}
}

@book{corrado_digital_2017,
	address = {Lanham, Maryland},
	edition = {Second edition},
	title = {Digital preservation for libraries, archives, and museums},
	isbn = {978-1-4422-7871-4},
	publisher = {Rowman \& Littlefield},
	author = {Corrado, Edward M. and Moulaison Sandy, Heather},
	year = {2017},
	keywords = {Management, Digital preservation, Electronic information resources, Preservation metadata, histoire}
}

@article{beaudoin_context_2012,
	title = {Context and {Its} {Role} in the {Digital} {Preservation} of {Cultural} {Objects}},
	volume = {18},
	issn = {1082-9873},
	url = {http://www.dlib.org/dlib/november12/beaudoin/11beaudoin1.html},
	doi = {10.1045/november2012-beaudoin1},
	language = {en},
	number = {11/12},
	urldate = {2019-06-29},
	journal = {D-Lib Magazine},
	author = {Beaudoin, Joan E.},
	month = nov,
	year = {2012},
	keywords = {histoire},
	file = {Texte intégral:files/365/Beaudoin - 2012 - Context and Its Role in the Digital Preservation o.pdf:application/pdf}
}

@article{diekema_multilinguality_2012,
	title = {Multilinguality in the digital library: {A} review},
	volume = {30},
	issn = {0264-0473},
	shorttitle = {Multilinguality in the digital library},
	url = {https://www.emeraldinsight.com/doi/10.1108/02640471211221313},
	doi = {10.1108/02640471211221313},
	language = {en},
	number = {2},
	urldate = {2019-06-29},
	journal = {The Electronic Library},
	author = {Diekema, Anne R.},
	month = apr,
	year = {2012},
	keywords = {histoire},
	pages = {165--181}
}

@misc{noauthor_dcc_nodate,
	title = {{DCC} {Curation} {Lifecycle} {Model} {\textbar} {Digital} {Curation} {Centre}},
	url = {http://www.dcc.ac.uk/resources/curation-lifecycle-model},
	urldate = {2019-06-29},
	keywords = {histoire},
	file = {DCC Curation Lifecycle Model | Digital Curation Centre:files/368/curation-lifecycle-model.html:text/html}
}

@article{stobo_i_2018,
	title = {I should like you to see them some time: {An} empirical study of copyright clearance costs in the digitisation of {Edwin} {Morgan}’s scrapbooks},
	issn = {0022-0418},
	shorttitle = {“{I} should like you to see them some time”},
	url = {http://www.emeraldinsight.com/doi/10.1108/JD-04-2017-0061},
	doi = {10.1108/JD-04-2017-0061},
	language = {en},
	urldate = {2019-07-03},
	journal = {Journal of Documentation},
	author = {Stobo, Victoria and Patterson, Kerry and Erickson, Kristofer and Deazley, Ronan},
	month = jan,
	year = {2018},
	keywords = {enjeux},
	file = {Version soumise:files/371/Stobo et al. - 2018 - “I should like you to see them some time” An empi.pdf:application/pdf}
}

@article{wu_building_2011,
	title = {Building a {Collaborative} {Digital} {Collection}: {A} {Necessary} {Evolution} in {Libraries}},
	abstract = {Law libraries are losing ground in the effort to preserve information in the digital age. In part, this is due declining budgets, user needs, and a caution born from the great responsibility libraries feel to ensure future access instead of selecting a form that may not survive. That caution, though, has caused others, such as Google, to fill the silence with their vision. Libraries must stand and contribute actively to the creation of digital collections if we expect a voice in future discussion. This article presents a vision of the start of a collaborative, digital academic law library, one that will harness our collective strengths while still allowing individual collections to prosper. It seeks to identify and answer the thorniest issues - including copyright - surrounding digitization projects. It does not presume to solve all of these issues. It is, however, intended to be a call for collective action, to stop discussing the law library of the future and to start building it.},
	journal = {Georgetown Law Faculty Publications and Other Works. 699},
	author = {Wu, Michelle},
	year = {2011},
	keywords = {histoire}
}

@article{chng_crowdsourcing_2019,
	title = {Crowdsourcing 3D cultural heritage: best practice for mass photogrammetry},
	volume = {9},
	issn = {2044-1266},
	shorttitle = {Crowdsourcing 3D cultural heritage},
	url = {https://www.emeraldinsight.com/doi/10.1108/JCHMSD-03-2018-0018},
	doi = {10.1108/JCHMSD-03-2018-0018},
	language = {en},
	number = {1},
	urldate = {2019-07-03},
	journal = {Journal of Cultural Heritage Management and Sustainable Development},
	author = {Ch’ng, Eugene and Cai, Shengdan and Zhang, Tong Evelyn and Leow, Fui-Theng},
	month = feb,
	year = {2019},
	keywords = {histoire},
	pages = {24--42}
}

@article{dunning_digitising_2009,
	title = {Digitising the past: {Next} steps for public-sector digitisation},
	url = {https://core.ac.uk/download/pdf/11890177.pdf},
	urldate = {2019-07-01},
	journal = {JISC (Joint Information Systems Committee)},
	author = {Dunning, Alastair},
	month = jul,
	year = {2009},
	keywords = {histoire}
}

@article{gupta_enriching_2017,
	title = {Enriching and enhancing digital cultural heritage through crowd contribution},
	volume = {7},
	issn = {2044-1266},
	url = {http://www.emeraldinsight.com/doi/10.1108/JCHMSD-12-2014-0043},
	doi = {10.1108/JCHMSD-12-2014-0043},
	language = {en},
	number = {1},
	urldate = {2019-07-03},
	journal = {Journal of Cultural Heritage Management and Sustainable Development},
	author = {Gupta, Dinesh K. and Sharma, Veerbala},
	month = feb,
	year = {2017},
	keywords = {histoire},
	pages = {14--32}
}

@article{kim_race_nodate,
	series = {Frontiers: {A} {Journal} of {Women} {Studies}},
	title = {Race, {Gender}, and the {Technological} {Turn}: {A} {Roundtable} on {Digitizing} {Revolution}},
	volume = {39},
	number = {1},
	journal = {University of Nebraska Press},
	author = {Kim, Dorothy and Russworm, Treaandrea and Vaughan, Corrigan and Adair, Cassius and Paredes, Veronica and {Cowan}},
	editor = {Everett and Latorre, Guisela},
	keywords = {histoire},
	pages = {149--177}
}

@article{weiss_examining_2016,
	title = {Examining {Massive} {Digital} {Libraries} ({MDLs}) and {Their} {Impact} on {Reference} {Services}},
	volume = {57},
	issn = {0276-3877, 1541-1117},
	url = {http://www.tandfonline.com/doi/full/10.1080/02763877.2016.1145614},
	doi = {10.1080/02763877.2016.1145614},
	language = {en},
	number = {4},
	urldate = {2019-07-03},
	journal = {The Reference Librarian},
	author = {Weiss, Andrew},
	month = oct,
	year = {2016},
	keywords = {google, exemple},
	pages = {286--306}
}

@book{weiss_using_2014,
	address = {Chicago},
	edition = {First edition},
	series = {{LITA} guides},
	title = {Using massive digital libraries: a {LITA} guide},
	isbn = {978-0-8389-1235-5},
	shorttitle = {Using massive digital libraries},
	abstract = {"The creation of massive digital libraries is your existential crisis. After all, some say they may lead to the demise of traditional libraries. Recognizing libraries as a "big idea" that has been implemented in many ways over thousands of years, author Andrew Weiss is not so gloomy. He explores the question of how libraries will adapt, applying and using massive digital libraries. Using the authors criteria for a massive digital libraries, you'll have a firm understanding of their characteristics. You'll track the path of Google Books and the early proponents of the Very Large Digital Library as it met the protests of the scholarly communication community. You'll learn about library practices of the massive digital libraries and how traditional libraries are developing applications, with coverage such as: comparing the collection development approaches of Google Books and Hathi Trust Appplications, such as MDL for research in digital humanities, catalog integration through the Google Book API, Culturenomics and the Google Ngram viewer. 4 case studies of library projects with Google Books" --},
	publisher = {ALA TechSource, An imprint of the American Library Association},
	author = {Weiss, Andrew},
	collaborator = {Library {and} Information Technology Association (U.S.)},
	year = {2014},
	keywords = {Collection development, Digital libraries, Electronic information resources, Case studies, Google Library Project, Libraries, Scholarly electronic publishing, Scholarly web sites, Special collections Computer network resources, Google, HathiTrust, histoire},
	annote = {"For more information on digital formats, visit the ALA Store at alastore.ala.org and select eEditions" -- Verso title page},
	annote = {Part I. Background issues. The history of digital libraries (or: how did we get here?) -- Chapter 2: The concept of a massive digital library (or: where are we?) -- Chapter 3: The major players \& their characteristics (or: who's at the party?) -- Chapter 4: Current impact of MDLs on libraries and librarianship (or: how do I deal with this?) -- Part II: The philosophical issues. Chapter 5: The copyright conundrum -- Chapter 6: Collection development (or: how did I get this?) -- Chapter 7: Diversity of content (or: why is this missing?) -- Chapter 8: Access (or: why can't I get this?) -- Part III: Practical applications. Chapter 9: Using the MDL in libraries -- Chapter 10: Case studies of MDLs}
}

@article{kelly_ar_2019,
	title = {{AR} {Will} {Spark} the {Next} {Big} {Tech} {Platform}—{Call} {It} {Mirrorworld}},
	issn = {1059-1028},
	url = {https://www.wired.com/story/mirrorworld-ar-next-big-tech-platform/},
	abstract = {We are building a 1-to-1 map of almost unimaginable scope. When it's complete, our physical reality will merge with the digital universe.},
	urldate = {2019-07-03},
	journal = {Wired},
	author = {Kelly, Kevin},
	month = feb,
	year = {2019},
	keywords = {AR, augmented reality, Cover Story, longreads, magazine-27.03, histoire},
	file = {Snapshot:files/383/mirrorworld-ar-next-big-tech-platform.html:text/html}
}

@article{hoffmann_google_2016,
	title = {Google {Books}, {Libraries}, and {Self}-{Respect}: {Information} {Justice} beyond {Distributions}},
	volume = {86},
	issn = {0024-2519, 1549-652X},
	shorttitle = {Google {Books}, {Libraries}, and {Self}-{Respect}},
	url = {https://www.journals.uchicago.edu/doi/10.1086/684141},
	doi = {10.1086/684141},
	language = {en},
	number = {1},
	urldate = {2019-07-03},
	journal = {The Library Quarterly},
	author = {Hoffmann, Anna Lauren},
	month = jan,
	year = {2016},
	keywords = {google, exemple},
	pages = {76--92}
}

@article{harper_google_2016,
	title = {Google {Books} {Review}},
	volume = {13},
	issn = {1542-4065, 1542-4073},
	url = {http://www.tandfonline.com/doi/full/10.1080/15424065.2016.1142835},
	doi = {10.1080/15424065.2016.1142835},
	language = {en},
	number = {1},
	urldate = {2019-07-03},
	journal = {Journal of Electronic Resources in Medical Libraries},
	author = {Harper, Sarah Fletcher},
	month = jan,
	year = {2016},
	keywords = {google, exemple},
	pages = {2--7}
}

@misc{noauthor_viewpoint_nodate,
	title = {Viewpoint - {What}'s {Next} for {Google} {Books}},
	url = {http://www.infotoday.com/IT/sep16/Quint--Whats-Next-for-Google-Books.shtml},
	urldate = {2019-07-03},
	keywords = {google, exemple},
	file = {VIEWPOINT - What's Next for Google Books:files/387/Quint--Whats-Next-for-Google-Books.html:text/html}
}

@misc{noauthor_check_nodate,
	title = {Check {It} {Out} with {Andrew} {Richard} {Albanese}: {How} the {Google} {Books} {Case} {Could} {Change} {Fair} {Use} {On} {Campus}},
	shorttitle = {Check {It} {Out} with {Andrew} {Richard} {Albanese}},
	url = {https://www.publishersweekly.com/pw/by-topic/industry-news/libraries/article/68535-check-it-out-with-andrew-richard-albanese-gsu-and-leval-s-opinon-on-google-books.html},
	abstract = {Perhaps the biggest question to come from Pierre Leval’s written opinion in the extraordinary case of Google Books, is how it might ripple into the day-to-day application of fair use in higher education.},
	language = {en},
	urldate = {2019-07-03},
	journal = {PublishersWeekly.com},
	keywords = {histoire},
	file = {Snapshot:files/389/68535-check-it-out-with-andrew-richard-albanese-gsu-and-leval-s-opinon-on-google-books.html:text/html}
}

@article{obrien_large-scale_2015,
	title = {Large-{Scale} {Book} and {Journal} {Digitization} {Projects} and {Interlibrary} {Service}: {Opening} the {Discussion}},
	volume = {25},
	issn = {1072-303X, 1540-3572},
	shorttitle = {Large-{Scale} {Book} and {Journal} {Digitization} {Projects} and {Interlibrary} {Service}},
	url = {http://www.tandfonline.com/doi/full/10.1080/1072303X.2016.1150380},
	doi = {10.1080/1072303X.2016.1150380},
	language = {en},
	number = {1-2},
	urldate = {2019-07-04},
	journal = {Journal of Interlibrary Loan, Document Delivery \& Electronic Reserve},
	author = {O’Brien, Kevin},
	month = mar,
	year = {2015},
	keywords = {exemple},
	pages = {39--42}
}

@article{hoekstra_proposed_2019,
	title = {The proposed directive for the supply of digital content: is it fit for purpose?},
	volume = {33},
	issn = {1360-0869, 1364-6885},
	shorttitle = {The proposed directive for the supply of digital content},
	url = {https://www.tandfonline.com/doi/full/10.1080/13600869.2019.1562638},
	doi = {10.1080/13600869.2019.1562638},
	language = {en},
	number = {1},
	urldate = {2019-07-04},
	journal = {International Review of Law, Computers \& Technology},
	author = {Hoekstra, Johanna and Diker-Vanberg, Aysem},
	month = jan,
	year = {2019},
	keywords = {histoire},
	pages = {100--117}
}

@article{noauthor_eu_2015,
	title = {{EU} {Adopts} {Single}-{Market} {Digital} {Strategy}},
	journal = {Information Management Journal},
	month = jun,
	year = {2015},
	keywords = {histoire}
}

@article{dittrich_balancing_2017,
	title = {Balancing ambition and pragmatism for the {Digital} {Single} {Market}},
	url = {https://www.delorsinstitut.de/2015/wp-content/uploads/2017/09/BalancingAmbitionandPragmatismfortheDigitalSingleMarket-Dittrich-JDIB-Sept2017.pdf},
	abstract = {This paper critically evaluates the progress of the Digital Single Market Strategy and puts forward policy recommendations for upcoming digital policy challenges in the Single Market. The debate on the effectiveness of the Digital Single Market is crucial: The EU is still lagging far behind other countries and regions when it comes to digital cross-border trade, digital skills, innovative regulation and investment in digital infrastructure. It is widely acknowledged that this is to a large extent the result of a fragmented Single Market, which hinders digital trade between EU-countries and hampers the scaling up of young European digital platforms and start-ups.},
	language = {en},
	urldate = {2019-07-01},
	journal = {Jacques  Delors  Institut},
	author = {Dittrich, Paul-Jasper},
	month = jul,
	year = {2017},
	keywords = {histoire},
	pages = {14},
	file = {Dittrich - BALANCING AMBITION AND PRAGMATISM FOR THE DIGITAL .pdf:files/396/Dittrich - BALANCING AMBITION AND PRAGMATISM FOR THE DIGITAL .pdf:application/pdf}
}

@misc{noauthor_next_nodate,
	title = {The {Next} {Steps} for the {Digital} {Single} {Market}: {From} {Where} do {We} {Start}?},
	url = {https://ecipe.org/publications/the-next-steps-for-the-digital-single-market-from-where-do-we-start/},
	urldate = {2019-07-04},
	keywords = {histoire},
	file = {The Next Steps for the Digital Single Market\: From Where do We Start? |:files/399/the-next-steps-for-the-digital-single-market-from-where-do-we-start.html:text/html}
}

@misc{noauthor_council_nodate,
	title = {Council adopts {Copyright} {Directive}},
	url = {http://era.gv.at/object/news/4678},
	abstract = {ERA Portal Austria is a knowledge-sharing platform providing information on EU-related research policy and its implementation in Austria and in Europe. In this context it supports decision-making by providing strategic intelligence. In addition, ERA Portal Austria serves as a promotion platform for Austrian initiatives in Europe.},
	language = {en},
	urldate = {2019-07-04},
	journal = {ERA - ERA Portal Austria},
	keywords = {histoire},
	file = {Snapshot:files/401/4678.html:text/html}
}

@misc{noauthor_european_2019,
	type = {Text},
	title = {European {Commission} report on {Cultural} {Heritage}: {Digitisation}, {Online} {Accessibility} and {Digital} {Preservation}},
	shorttitle = {European {Commission} report on {Cultural} {Heritage}},
	url = {https://ec.europa.eu/digital-single-market/en/news/european-commission-report-cultural-heritage-digitisation-online-accessibility-and-digital},
	abstract = {This report reviews and assesses the overall actions and progress achieved in the European Union in implementing the Recommendation (2011/711/EU) which is one of the main EU policy instruments on digitisation, online access and digital preservation of cultural heritage material.},
	language = {en},
	urldate = {2019-07-04},
	journal = {Digital Single Market - European Commission},
	month = jun,
	year = {2019},
	keywords = {histoire},
	file = {Snapshot:files/403/european-commission-report-cultural-heritage-digitisation-online-accessibility-and-digital.html:text/html}
}

@article{schroff_politics_2018,
	title = {The politics of the {Digital} {Single} {Market}: culture vs. competition vs. copyright},
	volume = {21},
	issn = {1369-118X, 1468-4462},
	shorttitle = {The politics of the {Digital} {Single} {Market}},
	url = {https://www.tandfonline.com/doi/full/10.1080/1369118X.2017.1309445},
	doi = {10.1080/1369118X.2017.1309445},
	language = {en},
	number = {10},
	urldate = {2019-07-04},
	journal = {Information, Communication \& Society},
	author = {Schroff, Simone and Street, John},
	month = oct,
	year = {2018},
	keywords = {histoire},
	pages = {1305--1321},
	file = {Texte intégral:files/407/Schroff et Street - 2018 - The politics of the Digital Single Market culture.pdf:application/pdf}
}

@misc{europeana_europeana_nodate-1,
	title = {Europeana {Publishing} {Guide}},
	url = {https://pro.europeana.eu/post/publication-policy},
	abstract = {The Europeana Publishing Guide outlines the criteria for submission of metadata to Europeana. We will work with you to make sure that your datasets meet …},
	language = {en-GB},
	urldate = {2019-07-04},
	journal = {Europeana Pro},
	author = {{Europeana}},
	keywords = {exemple},
	file = {Snapshot:files/411/publication-policy.html:text/html}
}

@misc{noauthor_ten_2018,
	type = {Text},
	title = {Ten years of {Europeana}: bringing {Europe}’s cultural heritage into the digital age},
	shorttitle = {Ten years of {Europeana}},
	url = {https://ec.europa.eu/digital-single-market/en/news/ten-years-europeana-bringing-europes-cultural-heritage-digital-age},
	abstract = {The Europeana initiative has brought significant added value in supporting Europe’s digital cultural heritage but can still do more in terms of scope, focus and usability, according to a report adopted on 6 September by the European Commission.},
	language = {en},
	urldate = {2019-07-04},
	journal = {Digital Single Market - European Commission},
	month = sep,
	year = {2018},
	keywords = {exemple},
	file = {Snapshot:files/413/ten-years-europeana-bringing-europes-cultural-heritage-digital-age.html:text/html}
}

@article{jones_public_2017,
	title = {The {Public} {Library} {Movement}, the {Digital} {Library} {Movement}, and the {Large}-{Scale} {Digitization} {Initiative}: {Assumptions}, {Intentions}, and the {Role} of the {Public}},
	volume = {52},
	issn = {2164-8034, 2166-3033},
	shorttitle = {The {Public} {Library} {Movement}, the {Digital} {Library} {Movement}, and the {Large}-{Scale} {Digitization} {Initiative}},
	url = {https://www.utexaspressjournals.org/doi/10.7560/IC52205},
	doi = {10.7560/IC52205},
	language = {en},
	number = {2},
	urldate = {2019-07-04},
	journal = {Information \& Culture},
	author = {Jones, Elisabeth},
	month = may,
	year = {2017},
	keywords = {histoire},
	pages = {229--263}
}

@misc{cook_googles_nodate,
	title = {Google's {Moon} {Shot}: {The} quest for the universal library},
	shorttitle = {Google's {Moon} {Shot}},
	url = {http://www.gutenbergnews.org/20070131/googles-moon-shot-the-quest-for-the-universal-library/},
	abstract = {Every weekday, a truck pulls up to the Cecil H. Green Library, on the campus of Stanford University, and collects at least a thousand books, which are taken to an undisclosed location and scanned, page by page, into an enormous database being created by Google. The company is also retrieving books from libraries at several other leading universities, including Harvard and Oxford, as well as the New York Public Library. At the University of Michigan, Google's original partner in Google Book Search, tens of thousands of books are processed each week on the company's custom-made scanning equipment. Google intends to scan every book ever published, and to make the full texts searchable, in the same way that Web sites can be searched on the company's engine at google.com. At the books site, which is up and running in a beta (or testing) version, at books.google.com, you can enter a word or phrase—say, Ahab and whale—and the search returns a list of works in which the terms appear, in this case nearly eight hundred titles, including numerous editions of Herman Melville's novel. Clicking on "Moby-Dick, or The Whale" calls up Chapter 28, in which Ahab is introduced. You can scroll through the chapter, search for other terms that appear in the book, and compare it with other editions. Google won't say how many books are in its database, but the site's value as a research tool is apparent; on it you can find a history of Urdu newspapers, an 1892 edition of Jane Austen's letters, several guides to writing haiku, and a Harvard alumni directory from 1919. No one really knows how many books there are. The most volumes listed in any catalogue is thirty-two million, the number in WorldCat, a database of titles from more than twenty-five thousand libraries around the world. Google aims to scan at least that many. "We think that we can do it all inside of ten years," Marissa Mayer, a vice-president at Google who is in charge of the books project, said recently, at the company's headquarters, in Mountain View, California. "It's mind-boggling to me, how close it is. I think of Google Books as our moon shot."Extract taken from; The New Yorker, Jeffrey Toobin. February 5, 200},
	language = {en-US},
	urldate = {2019-07-04},
	journal = {Project Gutenberg News},
	author = {Cook, Michael},
	keywords = {histoire},
	file = {Snapshot:files/416/googles-moon-shot-the-quest-for-the-universal-library.html:text/html}
}

@inproceedings{langley_google_2007,
	title = {Google {Books}: making the public domain universally accessible},
	volume = {6500},
	shorttitle = {Google {Books}},
	url = {https://www.spiedigitallibrary.org/conference-proceedings-of-spie/6500/65000H/Google-Books-making-the-public-domain-universally-accessible/10.1117/12.710609.short},
	doi = {10.1117/12.710609},
	abstract = {Google Book Search is working with libraries and publishers around the world to digitally scan books. Some of those works are now in the public domain and, in keeping with Google's mission to make all the world's information useful and universally accessible, we wish to allow users to download them all. For users, it is important that the files are as small as possible and of printable quality. This means that a single codec for both text and images is impractical. We use PDF as a container for a mixture of JBIG2 and JPEG2000 images which are composed into a final set of pages. We discuss both the implementation of an open source JBIG2 encoder, which we use to compress text data, and the design of the infrastructure needed to meet the technical, legal and user requirements of serving many scanned works. We also cover the lessons learnt about dealing with different PDF readers and how to write files that work on most of the readers, most of the time.},
	urldate = {2019-07-04},
	booktitle = {Document {Recognition} and {Retrieval} {XIV}},
	publisher = {International Society for Optics and Photonics},
	author = {Langley, Adam and Bloomberg, Dan S.},
	month = jan,
	year = {2007},
	keywords = {histoire},
	pages = {65000H},
	file = {Snapshot:files/418/12.710609.html:text/html}
}

@article{shankar_sustaining_2015,
	title = {Sustaining {Data} {Archives} over {Time}: {Lessons} from the {Organizational} {Studies} {Literature}},
	volume = {20},
	issn = {1361-4576, 1740-7869},
	shorttitle = {Sustaining {Data} {Archives} over {Time}},
	url = {http://www.tandfonline.com/doi/full/10.1080/13614576.2015.1111699},
	doi = {10.1080/13614576.2015.1111699},
	language = {en},
	number = {1-2},
	urldate = {2019-07-04},
	journal = {New Review of Information Networking},
	author = {Shankar, Kalpana and Eschenfelder, Kristin R.},
	month = jul,
	year = {2015},
	keywords = {enjeux},
	pages = {248--254},
	file = {Texte intégral:files/421/Shankar et Eschenfelder - 2015 - Sustaining Data Archives over Time Lessons from t.pdf:application/pdf}
}

@article{georgetown_university_long_2009,
	title = {The {Long} {Now} of {Technology} {Infrastructure}: {Articulating} {Tensions} in {Development}},
	volume = {10},
	issn = {15369323},
	shorttitle = {The {Long} {Now} of {Technology} {Infrastructure}},
	url = {https://aisel.aisnet.org/jais/vol10/iss5/5/},
	doi = {10.17705/1jais.00199},
	abstract = {Designing e-infrastructure is work conducted today with an eye toward long-term sustainability. Participants in such development projects find themselves caught with one foot in the demands of the present and the other in a desired future. In this paper we seek to capture participants’ formulation of problems as they go about developing long-term information infrastructure.},
	language = {en},
	number = {5},
	urldate = {2019-07-04},
	journal = {Journal of the Association for Information Systems},
	author = {{Georgetown University} and Ribes, David and Finholt, Thomas and {University of Michigan}},
	month = may,
	year = {2009},
	keywords = {histoire},
	pages = {375--398},
	file = {Georgetown University et al. - 2009 - The Long Now of Technology Infrastructure Articul.pdf:files/422/Georgetown University et al. - 2009 - The Long Now of Technology Infrastructure Articul.pdf:application/pdf}
}

@article{pavlovic_serpent_2011,
	title = {The {Serpent} in the {Garden} of {Eden}: {Intellectual} property in the {Digital} {Millennium}},
	url = {https://www.academia.edu/34127494/_The_Serpent_in_the_Garden_of_Eden_Intellectual_property_in_the_Digital_Millennium},
	abstract = {Intellectual property, Copyright, Document supply
Abstract: Disposition of the scientifi c information and document supply, conceived in the form known after World War II, evolved in the interaction of the different structures of the scientifi c information and documents, is definitely in the digital phase today. New technologies have provided quite revolutionary changes and on the other hand, social, cultural and philosophical contours of the science – as communication, evaluation, intellectual property, ethics etc, remain in classic forms, which implies many irregularities in our everyday activities. New copyright laws in the digital era and implications of these laws in national legislation (USA, EC, Serbia) predict some of them. Situation in the field, however, reveals abundance of controversy concerning scientific document supply. The last decade certainly records fall in the Document supply and an apparent dominance of other types of access to scientific information and documents, which in our practice are retrospective conversion of serials, massive digitization of books and various forms of open access. This has led to radical changes in the approach to scientific information, but also to quite different situations in the field of intellectual property. Consortia’s licenses represent an important and delicate instance of copyright, concerning supply of scientific documents. This paper systematizes legal and ethical moments in the implication of copyright in the modern scientific supply documents and gives some answers on the contemporary practice in the world},
	urldate = {2019-07-04},
	journal = {Academia.edu},
	author = {Pavlovic, Aleksandra},
	month = dec,
	year = {2011},
	keywords = {enjeux},
	file = {(PDF) "The Serpent in the Garden of Eden"\: Intellectual property in the Digital Millennium | Aleksandra Pavlovic - Academia.edu:files/425/_The_Serpent_in_the_Garden_of_Eden_Intellectual_property_in_the_Digital_Millennium.html:text/html}
}

@article{yeates_collaborative_2006,
	title = {Collaborative working for large digitisation projects},
	volume = {40},
	issn = {0033-0337, 0033-0337},
	url = {https://www.emeraldinsight.com/doi/10.1108/00330330610669262},
	doi = {10.1108/00330330610669262},
	language = {en},
	number = {2},
	urldate = {2019-07-04},
	journal = {Program},
	author = {Yeates, Robin and Guy, Damon},
	month = apr,
	year = {2006},
	keywords = {enjeux},
	pages = {137--156}
}

@misc{national_information_standards_organization_special_nodate,
	title = {Special {Information} {Standards} {Quarterly} {Issue} on the {Evolution} of {Bibliographic} {Data} {Exchange} {Published} by {NISO}},
	url = {https://www.niso.org/press-releases/2013/12/special-information-standards-quarterly-issue-evolution-bibliographic-data},
	urldate = {2019-07-04},
	journal = {NISO website},
	author = {National Information Standards Organization},
	keywords = {histoire},
	file = {Special Information Standards Quarterly Issue on the Evolution of Bibliographic Data Exchange Published by NISO | NISO website:files/430/special-information-standards-quarterly-issue-evolution-bibliographic-data.html:text/html}
}

@book{hooland_linked_2014,
	address = {London},
	title = {Linked data for libraries, archives and museums: how to clean, link and publish your metadata},
	isbn = {978-1-85604-964-1},
	shorttitle = {Linked data for libraries, archives and museums},
	publisher = {Facet Publishing},
	author = {Hooland, Seth van and Verborgh, Ruben},
	year = {2014},
	note = {OCLC: ocn872987681},
	keywords = {Archives, Electronic information resources, Libraries and museums, Linked data, histoire}
}

@book{stuart_facilitating_2011,
	address = {London},
	title = {Facilitating access to the {Web} of data a guide for librarians},
	isbn = {978-1-85604-745-6},
	language = {Spanish},
	publisher = {Facet Publishing},
	author = {Stuart, David},
	year = {2011},
	note = {OCLC: 776688108},
	keywords = {histoire}
}

@article{lampert_ramping_2018,
	title = {Ramping up: {Evaluating} large-scale digitization potential with small-scale resources},
	volume = {34},
	issn = {2059-5816},
	shorttitle = {Ramping up},
	url = {http://www.emeraldinsight.com/doi/10.1108/DLP-06-2017-0020},
	doi = {10.1108/DLP-06-2017-0020},
	language = {en},
	number = {1},
	urldate = {2019-07-04},
	journal = {Digital Library Perspectives},
	author = {Lampert, Cory},
	month = feb,
	year = {2018},
	keywords = {histoire},
	pages = {45--59}
}

@book{erway_rapid_2011,
	address = {Dublin, Ohio},
	title = {Rapid capture: faster throughput in digitization of special collections},
	isbn = {978-1-55653-398-3},
	shorttitle = {Rapid capture},
	url = {http://www.oclc.org/research/publications/library/2011/2011-04.pdf},
	abstract = {Nine case studies illustrate processes and procedures institutions have adopted to speed up digitization of special collections.},
	language = {English},
	urldate = {2019-07-04},
	publisher = {OCLC Research},
	author = {Erway, Ricky and {OCLC Research}},
	year = {2011},
	note = {OCLC: 712406431},
	keywords = {histoire}
}

@article{weiss_assessing_2013,
	title = {Assessing the coverage of {Hawaiian} and {Pacific} books in the {Google} {Books} digitization project},
	volume = {29},
	issn = {1065-075X},
	url = {http://www.emeraldinsight.com/doi/10.1108/10650751311294519},
	doi = {10.1108/10650751311294519},
	language = {en},
	number = {1},
	urldate = {2019-07-05},
	journal = {OCLC Systems \& Services: International digital library perspectives},
	author = {Weiss, Andrew and James, Ryan},
	month = feb,
	year = {2013},
	keywords = {google, exemple},
	pages = {13--21},
	file = {Version soumise:files/439/Weiss et James - 2013 - Assessing the coverage of Hawaiian and Pacific boo.pdf:application/pdf}
}

@book{ibekwe_european_2019,
	series = {Studies in {Information}},
	title = {European {Origins} of {Library} and {Information} {Science}},
	volume = {13},
	isbn = {978-1-78756-718-4},
	url = {https://www.emeraldinsight.com/doi/book/10.1108/S2055-5377201913},
	language = {en},
	urldate = {2019-07-05},
	publisher = {Emerald Publishing Limited},
	author = {Ibekwe, Fidelia},
	month = apr,
	year = {2019},
	doi = {10.1108/S2055-5377201913},
	keywords = {histoire}
}

@article{eschenfelder_nine_2019,
	title = {A nine dimensional framework for digital cultural heritage organizational sustainability: {A} content analysis of the {LIS} literature (2000–2015)},
	volume = {43},
	issn = {1468-4527},
	shorttitle = {A nine dimensional framework for digital cultural heritage organizational sustainability},
	url = {https://www.emeraldinsight.com/doi/10.1108/OIR-11-2017-0318},
	doi = {10.1108/OIR-11-2017-0318},
	language = {en},
	number = {2},
	urldate = {2019-07-05},
	journal = {Online Information Review},
	author = {Eschenfelder, Kristin R. and Shankar, Kalpana and Williams, Rachel D. and Salo, Dorothea and Zhang, Mei and Langham, Allison},
	month = apr,
	year = {2019},
	keywords = {enjeux},
	pages = {182--196}
}

@article{thelle_persuasive_2011,
	title = {Persuasive territories in {European} cultural politics: critical and controlled knowledgescapes},
	volume = {29},
	issn = {0737-8831},
	shorttitle = {Persuasive territories in {European} cultural politics},
	url = {https://www.emeraldinsight.com/doi/10.1108/07378831111189705},
	doi = {10.1108/07378831111189705},
	language = {en},
	number = {4},
	urldate = {2019-07-05},
	journal = {Library Hi Tech},
	author = {Thelle, Mikkel and Bonde Thylstrup, Nanna},
	month = nov,
	year = {2011},
	keywords = {google, exemple},
	pages = {573--585}
}

@misc{noauthor_libre_2019,
	title = {Libre accès (édition scientifique)},
	copyright = {Creative Commons Attribution-ShareAlike License},
	url = {https://fr.wikipedia.org/w/index.php?title=Libre_acc%C3%A8s_(%C3%A9dition_scientifique)&oldid=160593388},
	abstract = {Le libre accès (en anglais : open access) est la mise à disposition en ligne de contenus numériques, qui peuvent eux-mêmes être soit libres (Creative commons, etc.), soit sous un des régimes de propriété intellectuelle. Le libre accès est principalement utilisé pour les articles de revues de recherche universitaires sélectionnés par des pairs. On devrait, en réalité, distinguer le libre accès (libre = open access en anglais) et l'accès ouvert (gratis open access), afin de distinguer plus nettement ce qui est « simplement » en accès gratuit pour l'internaute (accès ouvert) et ce qui est en accès gratuit et libre, parce que soumis à une licence d'utilisation dite libre (Creative commons, par exemple). Le libre accès peut, en théorie, inclure l'accès aux données afin de permettre l'exploration de données, mais ce n'est en général pas le cas.
Il existe deux types de libre accès (à ne pas confondre avec l'accès libre) avec de nombreuses variations.

Dans la publication en libre accès, également connue comme la voie « dorée » du libre accès (Gold Open Access), les revues rendent leurs articles directement et immédiatement accessibles au public. Ces publications s'appellent des « revues en accès ouvert» (« Open access journals »). En 2014, 17 \% des articles scientifiques (y compris de sciences humaines) publiés dans le monde l'étaient selon ce modèle (Gold OA) (la proportion n'était que de 14 \% en 2012) . Un exemple de publication en libre accès est la revue Public Library of Science, qui utilise le modèle de financement dit « auteur-payeur ».
En ce qui concerne le libre accès par auto-archivage, aussi appelée la voie « verte » du libre accès, les auteurs déposent des copies de leurs articles sur une archive ouverte . Un des principaux partisans de la « voie verte » est Steven Harnad, et cela depuis 1994.Le libre accès est actuellement à l'origine de beaucoup de discussions entre universitaires, bibliothécaires, administrateurs d'universités, éditeurs scientifiques et politiciens. Il existe un désaccord substantiel sur le concept de libre accès, avec un grand débat autour de sa rémunération économique.},
	language = {fr},
	urldate = {2019-07-09},
	journal = {Wikipédia},
	month = jul,
	year = {2019},
	note = {Page Version ID: 160593388},
	keywords = {gloss},
	file = {Snapshot:files/449/index.html:text/html}
}

@article{lopatin_library_2006,
	title = {Library digitization projects, issues and guidelines},
	url = {/insight/content/doi/10.1108/07378830610669637/full/html},
	doi = {10.1108/07378830610669637},
	abstract = {– To provide a selective bibliography of literature which explores issues and provides guidelines on library digitization projects., – Literature published from 2000‐2005 on library digitization projects was examined. Issues involving digitization projects are presented, as well as case studies and resources for digitization projects. The paper has the following sections: project management, funding digital projects, selection of materials, legal issues, metadata creation, interoperability, and preservation issues., – Libraries are undertaking digitization projects to provide wider access to and to preserve materials. The literature survey presents an overview of digitization activities and discussions of issues concerning library digital projects. The authors of the case studies detail how libraries dealt with various components of the projects, such as planning, cataloging, and handling copyright issues. Many aspects of digitization projects will be changing over time, with further research and advances in technology, and the literature on the subject bears watching in coming years., – The articles and resource guides in the literature survey can assist librarians in carrying out digitization projects in their institutions., – It explains how important issues in library digitization projects are being encountered and resolved and provides many practical guidelines and resources for librarians undertaking such projects.},
	language = {en},
	urldate = {2019-07-10},
	journal = {Library Hi Tech},
	author = {Lopatin, Laurie},
	month = apr,
	year = {2006},
	keywords = {histoire},
	file = {Snapshot:files/452/html.html:text/html}
}

@misc{noauthor_numerisation_2013,
	title = {Numérisation},
	url = {https://www.enssib.fr/le-dictionnaire/numerisation},
	urldate = {2019-07-11},
	journal = {Enssib},
	month = aug,
	year = {2013},
	keywords = {histoire},
	file = {Numérisation | Enssib:files/454/numerisation.html:text/html}
}

@misc{noauthor_eu_2019,
	type = {Text},
	title = {{EU} {Member} {States} sign up to cooperate on digitising cultural heritage},
	url = {https://ec.europa.eu/digital-single-market/en/news/eu-member-states-sign-cooperate-digitising-cultural-heritage},
	abstract = {26 European countries signed a Declaration of cooperation on advancing digitisation of cultural heritage. They will work more closely together to better use state-of-the-art digital technologies in addressing risks that Europe’s rich cultural heritage is facing, enhancing its use and visibility, improving citizen engagement, and supporting spillovers in other sectors.},
	language = {en},
	urldate = {2019-07-12},
	journal = {Digital Single Market - European Commission},
	month = apr,
	year = {2019},
	keywords = {histoire},
	file = {Snapshot:files/457/eu-member-states-sign-cooperate-digitising-cultural-heritage.html:text/html}
}

@misc{drennan_european_2018,
	type = {Text},
	title = {European {Framework} for {Action} on {Cultural} {Heritage}},
	url = {https://ec.europa.eu/culture/content/european-framework-action-cultural-heritage_en},
	abstract = {European Framework for Action on Cultural Heritage},
	language = {en},
	urldate = {2019-07-12},
	journal = {Culture - European Commission},
	author = {Drennan, James},
	month = dec,
	year = {2018},
	keywords = {histoire},
	file = {Snapshot:files/462/european-framework-action-cultural-heritage_en.html:text/html}
}

@misc{zeinstra_research:_2016,
	title = {Research: {Orphan} {Works} {Directive} does not work for mass digitisation},
	shorttitle = {Research},
	url = {https://www.communia-association.org/2016/02/16/orphan-works-directive-does-not-work/},
	abstract = {In 2012 the European Parliament adopted the Directive on ‘certain permitted uses of orphan works by cultural heritage institutions’. The directive intends to fill the gap between the mission of cultural heritage institutions to share cultural works to citizens, and the complex, costly, and sometimes impossible task of locating rightsholders to get permission for onlineContinue reading →},
	language = {en-US},
	urldate = {2019-07-16},
	journal = {International Communia Association},
	author = {Zeinstra, Maarten},
	month = feb,
	year = {2016},
	keywords = {histoire},
	file = {Snapshot:files/465/orphan-works-directive-does-not-work.html:text/html}
}

@misc{noauthor_orphan_nodate,
	title = {Orphan {Works} {DB}},
	url = {https://euipo.europa.eu/orphanworks/},
	urldate = {2019-07-16},
	keywords = {histoire},
	file = {Orphan Works DB:files/467/orphanworks.html:text/html}
}

@article{foulonneau_recherche_2003,
	title = {Recherche et numérisation du patrimoine en {Europe}},
	volume = {Vol. 7},
	issn = {1279-5127},
	url = {https://www.cairn.info/revue-document-numerique-2003-3-page-179.htm},
	language = {fr},
	number = {3},
	urldate = {2019-07-16},
	journal = {Document numérique},
	author = {Foulonneau, Muriel},
	year = {2003},
	keywords = {histoire},
	pages = {179--189},
	file = {Full Text PDF:files/469/Foulonneau - 2003 - Recherche et numérisation du patrimoine en Europe.pdf:application/pdf;Snapshot:files/470/revue-document-numerique-2003-3-page-179.html:text/html}
}

@book{claerr_manuel_2011,
	address = {Paris},
	series = {Bibliothèques},
	title = {Manuel de la numérisation},
	isbn = {978-2-7654-0983-0},
	publisher = {Editions du Cercle de la librairie},
	editor = {Claerr, Thierry and Westeel, Isabelle},
	year = {2011},
	keywords = {Archival materials, Digitization, Handbooks, manuals, etc, Library materials, enjeux}
}

@article{rasmussen_pennington_connecting_2019,
	title = {Connecting the silos: {Implementations} and perceptions of linked data across {European} libraries},
	volume = {75},
	issn = {0022-0418},
	shorttitle = {Connecting the silos},
	url = {https://www.emeraldinsight.com/doi/10.1108/JD-07-2018-0117},
	doi = {10.1108/JD-07-2018-0117},
	language = {en},
	number = {3},
	urldate = {2019-07-16},
	journal = {Journal of Documentation},
	author = {Rasmussen Pennington, Diane and Cagnazzo, Laura},
	month = may,
	year = {2019},
	keywords = {enjeux},
	pages = {643--666},
	file = {Version soumise:files/478/Rasmussen Pennington et Cagnazzo - 2019 - Connecting the silos Implementations and percepti.pdf:application/pdf}
}

@article{zengenene_global_2013,
	title = {Global interoperability and linked data in libraries},
	volume = {114},
	issn = {0307-4803},
	url = {https://www.emeraldinsight.com/doi/10.1108/03074801311291992},
	doi = {10.1108/03074801311291992},
	language = {en},
	number = {1/2},
	urldate = {2019-07-16},
	journal = {New Library World},
	author = {Zengenene, Dydimus},
	month = jan,
	year = {2013},
	keywords = {enjeux},
	pages = {84--87}
}

@article{zharova_influence_2015,
	title = {Influence of the principle of interoperability on legal regulation},
	volume = {57},
	issn = {1754-243X},
	url = {http://www.emeraldinsight.com/doi/10.1108/IJLMA-07-2014-0044},
	doi = {10.1108/IJLMA-07-2014-0044},
	language = {en},
	number = {6},
	urldate = {2019-07-16},
	journal = {International Journal of Law and Management},
	author = {Zharova, Anna},
	month = nov,
	year = {2015},
	keywords = {enjeux},
	pages = {562--572}
}

@incollection{maurel_quel_2017,
	address = {Paris},
	series = {Bibliothèques},
	title = {Quel modèle économique pour une numérisation patrimoniale respectueuse du domaine public ?},
	isbn = {978-2-7654-1530-5},
	url = {https://www.cairn.info/communs-du-savoir-et-bibliotheques--9782765415305-p-73.htm},
	abstract = {Le terme de communs du savoir désigne une activité collective et horizontale visant à créer, maintenir et offrir des savoirs en partage. Le développement du numérique a démultiplié les potentiels de création et de diffusion des connaissances, au point d’offrir une opportunité extraordinaire pour construire une société du savoir ouvert et partagé à l’échelle du monde.
L’accès au savoir est un droit fondamental et le Manifeste de l’Unesco sur la bibliothèque publique rappelle que les bibliothèques demeurent des institutions facilitatrices et garantes de cet accès de tous aux savoirs, à leur préservation, à leur circulation. Il existe indéniablement un lien intime entre bibliothèques et communs du savoir.
Mais, en parallèle, une série de stratégies technique, économique ou juridique visent à limiter la circulation et le partage de l’information et du savoir. Ce mouvement d’enclosure n’est pas l’unique fait des acteurs privés ; des institutions publiques, dont des bibliothèques, contribuent également à cette fragilisation des communs de la connaissance.
Or, les bibliothèques sont les lieux par excellence de la protection, du développement et de la promotion des communs du savoir. Elles incarnent une politique publique d’accès libre et ouvert aux savoirs et reconnaissent à la connaissance partagée un rôle moteur dans le développement des sociétés. C’est l’approche développée dans cet ouvrage, au travers de trois grands champs d’action offerts aux bibliothèques : la préservation et la valorisation des biens communs du savoir, la participation à leur enrichissement, le soutien à l’émergence de leur cogestion par les différents acteurs qui les créent ou qui se les approprient.},
	language = {FR},
	booktitle = {Communs du savoir et bibliothèques},
	publisher = {Éditions du Cercle de la Librairie},
	author = {Maurel, Lionel},
	year = {2017},
	doi = {10.3917/elec.dujo.2017.01.0073},
	keywords = {enjeux},
	pages = {73--84}
}

@misc{icarus_icarus_nodate,
	title = {{ICARUS} {\textbar} {International} {Centre} for {Archival} {Research}},
	url = {https://icar-us.eu/en/},
	language = {en-GB},
	urldate = {2019-07-17},
	author = {{ICARUS}},
	file = {Snapshot:files/486/en.html:text/html}
}

@misc{ubisoft_welcome_nodate,
	title = {Welcome to the official {Ubisoft} website},
	url = {https://www.ubisoft.com/en-us/},
	abstract = {Welcome to the official website for Ubisoft, creator of Assassin's Creed, Just Dance, Tom Clancy's video game series, Rayman, Far Cry, Watch Dogs and many others. Learn more about our breathtaking games here!},
	urldate = {2019-07-17},
	author = {{Ubisoft}},
	file = {Snapshot:files/488/en-us.html:text/html}
}

@misc{noauthor_base_2019,
	title = {Base de données},
	copyright = {Creative Commons Attribution-ShareAlike License},
	url = {https://fr.wikipedia.org/w/index.php?title=Base_de_donn%C3%A9es&oldid=160423450},
	abstract = {Une base de données (en anglais database), permet de stocker et de retrouver l'intégralité de données brutes ou d'informations en rapport avec un thème ou une activité ; celles-ci peuvent être de natures différentes et plus ou moins reliées entre elles,. En effet, leurs données peuvent y être très structurées (base de données relationnelles par exemple), ou bien hébergées sous la forme de données brutes déstructurées (base de données NoSQL Redis par exemple) qui, dans ce cas, seront ensuite parcourues de manière organisée au moment de la lecture via des moteurs spécifiques (comme Elasticsearch). Une base de données peut être localisée dans un même lieu et sur un même support informatisé, ou réparties sur plusieurs machines à plusieurs endroits (base de données NoSQL par exemple). 
La base de données est au centre des dispositifs informatiques de collecte, mise en forme, stockage et utilisation d'informations. Le dispositif comporte un système de gestion de base de données (abréviation : SGBD) : un logiciel moteur qui manipule la base de données et dirige l'accès à son contenu. De tels dispositifs comportent également des logiciels applicatifs, et un ensemble de règles relatives à l'accès et l'utilisation des informations.
La manipulation de données est une des utilisations les plus courantes des ordinateurs. Les bases de données sont par exemple utilisées dans les secteurs de la finance, des assurances, des écoles, de l'épidémiologie, de l'administration publique (notamment les statistiques) et des médias.
Lorsque plusieurs choses appelées bases de données sont constituées sous forme de collection, on parle alors d'une banque de données.},
	language = {fr},
	urldate = {2019-07-18},
	journal = {Wikipédia},
	month = jun,
	year = {2019},
	note = {Page Version ID: 160423450},
	keywords = {gloss},
	file = {Snapshot:files/491/index.html:text/html}
}

@techreport{noauthor_commission_2011,
	title = {Commission {Recommendation} of 27 {October} 2011 on the digitisation and online accessibility of cultural material and digital preservation},
	url = {http://data.europa.eu/eli/reco/2011/711/oj/eng},
	language = {en},
	number = {32011H0711},
	urldate = {2019-07-22},
	month = oct,
	year = {2011},
	keywords = {histoire}
}

@misc{google_about_nodate,
	title = {About {Google} {Books} – {Google} {Books}},
	url = {https://www.google.com/googlebooks/about/},
	urldate = {2019-07-22},
	author = {{Google}},
	keywords = {google, exemple},
	file = {About Google Books – Google Books:files/495/about.html:text/html}
}

@misc{hathitrust_digital_library_zephir_nodate,
	title = {Zephir {\textbar} www.hathitrust.org},
	url = {https://www.hathitrust.org/zephir},
	urldate = {2019-07-23},
	author = {{HathiTrust Digital Library}},
	keywords = {exemple},
	file = {Zephir | www.hathitrust.org | HathiTrust Digital Library:files/498/zephir.html:text/html}
}

@misc{hathitrust_digital_library_charting_nodate,
	title = {Charting {HathiTrust}'s {Strategic} {Directions} {\textbar} www.hathitrust...},
	url = {https://www.hathitrust.org/charting-hathitrusts-strategic-directions},
	urldate = {2019-07-23},
	author = {{HathiTrust Digital Library}},
	keywords = {exemple},
	file = {Charting HathiTrust's Strategic Directions | www.hathitrust... | HathiTrust Digital Library:files/500/charting-hathitrusts-strategic-directions.html:text/html}
}

@misc{lau-suchet_hathitrust_2014,
	type = {Billet},
	title = {{HathiTrust} : une bibliothèque numérique éléphantesque…},
	shorttitle = {{HathiTrust}},
	url = {https://bulac.hypotheses.org/967},
	abstract = {[Veille] Lancé en 2008, HathiTrust avait pour objectif premier la mise en place d’un entrepôt de conservation et de partage du contenu numérisé par les bibliothèques nord-américaines partenaires du projet. HathiTrust est rapidement devenue...},
	language = {fr-FR},
	urldate = {2019-07-23},
	journal = {Le Carreau de la BULAC},
	author = {Lau-Suchet, Soline},
	month = feb,
	year = {2014},
	keywords = {exemple},
	file = {Snapshot:files/502/967.html:text/html}
}

@misc{hathitrust_digital_library_htrc_nodate,
	title = {{HTRC} {Analytics}},
	url = {https://analytics.hathitrust.org/},
	urldate = {2019-07-23},
	author = {{HathiTrust Digital Library}},
	keywords = {exemple},
	file = {HTRC Analytics:files/504/analytics.hathitrust.org.html:text/html}
}

@book{salzburg_research_forschungsgesellschaft_digicult_2002,
	address = {Luxembourg},
	title = {The {DigiCULT} {Report}: technological landscapes for tomorrow's cultural economy ; unlocking the value of cultural heritage: executive summary},
	isbn = {978-92-828-6265-0},
	shorttitle = {The {DigiCULT} {Report}},
	language = {eng},
	publisher = {European Commission, DG for the Information Society},
	editor = {Salzburg Research Forschungsgesellschaft and Europäische Kommission},
	year = {2002},
	note = {OCLC: 51714305},
	keywords = {histoire},
	file = {Table of Contents PDF:files/508/Salzburg Research Forschungsgesellschaft et Europäische Kommission - 2002 - The DigiCULT Report technological landscapes for .pdf:application/pdf}
}

@misc{noauthor_citizen_2019,
	title = {Citizen science},
	copyright = {Creative Commons Attribution-ShareAlike License},
	url = {https://en.wikipedia.org/w/index.php?title=Citizen_science&oldid=906579059},
	abstract = {Citizen science (CS; also known as community science, crowd science, crowd-sourced science, civic science, volunteer monitoring, or online citizen science) is scientific research conducted, in whole or in part, by amateur (or nonprofessional) scientists. Citizen science is sometimes described as "public participation in scientific research," participatory monitoring, and participatory action research whose outcomes are often advancements in scientific research, as well as an increase in the public's understanding of science.},
	language = {en},
	urldate = {2019-07-24},
	journal = {Wikipedia},
	month = jul,
	year = {2019},
	note = {Page Version ID: 906579059},
	keywords = {gloss},
	file = {Snapshot:files/510/index.html:text/html}
}

@misc{noauthor_europeana_nodate,
	title = {Europeana {Bot} (@{EuropeanaBot}) / {Twitter}},
	url = {https://twitter.com/europeanabot},
	language = {en},
	urldate = {2019-07-24},
	journal = {Twitter},
	keywords = {exemple},
	file = {Snapshot:files/512/europeanabot.html:text/html}
}

@misc{europeana_europeana_nodate-2,
	title = {Europeana {Collections}},
	url = {https://www.europeana.eu/portal/en},
	urldate = {2019-07-24},
	author = {{Europeana}},
	keywords = {exemple},
	file = {Europeana Collections:files/514/en.html:text/html}
}

@misc{europeana_everything_nodate,
	title = {Everything you need to publish in {Europeana}},
	url = {https://pro.europeana.eu/services/data-publication-services/existing-provider},
	abstract = {Good data gives audiences a better experience and a greater connection with your collections. We have therefore worked hard to make the process as …},
	language = {en-GB},
	urldate = {2019-07-24},
	journal = {Europeana Pro},
	author = {{Europeana}},
	keywords = {exemple},
	file = {Snapshot:files/516/existing-provider.html:text/html}
}

@misc{europeana_linked_nodate-1,
	title = {Linked {Open} {Data}},
	url = {https://pro.europeana.eu/page/linked-open-data},
	abstract = {Linked Open Data is a way of publishing structured data that allows metadata to be connected and enriched and links made between related resources.},
	language = {en-GB},
	urldate = {2019-07-24},
	journal = {Europeana Pro},
	author = {{Europeana}},
	keywords = {exemple},
	file = {Snapshot:files/518/linked-open-data.html:text/html}
}

@misc{noauthor_creative_2019,
	title = {Creative {Commons}},
	copyright = {Creative Commons Attribution-ShareAlike License},
	url = {https://en.wikipedia.org/w/index.php?title=Creative_Commons&oldid=906058802},
	abstract = {Creative Commons (CC) is an American non-profit organization devoted to expanding the range of creative works available for others to build upon legally and to share. The organization has released several copyright-licenses, known as Creative Commons licenses, free of charge to the public. These licenses allow creators to communicate which rights they reserve and which rights they waive for the benefit of recipients or other creators. An easy-to-understand one-page explanation of rights, with associated visual symbols, explains the specifics of each Creative Commons license. Creative Commons licenses do not replace copyright but are based upon it. They replace individual negotiations for specific rights between copyright owner (licensor) and licensee, which are necessary under an "all rights reserved" copyright management, with a "some rights reserved" management employing standardized licenses for re-use cases where no commercial compensation is sought by the copyright owner. The result is an agile, low-overhead and low-cost copyright-management regime, benefiting both copyright owners and licensees.
The organization was founded in 2001 by Lawrence Lessig, Hal Abelson, and Eric Eldred with the support of Center for the Public Domain. The first article in a general interest publication about Creative Commons, written by Hal Plotkin, was published in February 2002. The first set of copyright licenses was released in December 2002. The founding management team that developed the licenses and built the Creative Commons infrastructure as we know it today included Molly Shaffer Van Houweling, Glenn Otis Brown, Neeru Paharia, and Ben Adida.In 2002 the Open Content Project, a 1998 precursor project by David A. Wiley, announced the Creative Commons as successor project and Wiley joined as CC director. Aaron Swartz played a role in the early stages of Creative Commons, as did Matthew Haughey.As of May 2018 there were an   1.4 billion works licensed under the various Creative Commons licenses. Wikipedia uses one of these licenses. As of May 2018, Flickr alone hosts over 415 million Creative Commons licensed photos.Creative Commons is governed by a board of directors. Their licenses have been embraced by many as a way for creators to take control of how they choose to share their copyrighted works.},
	language = {en},
	urldate = {2019-07-24},
	journal = {Wikipedia},
	month = jul,
	year = {2019},
	note = {Page Version ID: 906058802},
	keywords = {gloss},
	file = {Snapshot:files/520/index.html:text/html}
}

@misc{noauthor_rightsstatements.org_nodate,
	title = {{RightsStatements}.org},
	url = {https://rightsstatements.org/fr/},
	urldate = {2019-07-24},
	keywords = {exemple},
	file = {RightsStatements.org:files/522/fr.html:text/html}
}

@misc{europeana_breathing_nodate,
	title = {Breathing new life into the {Europeana} {Aggregator} {Forum}},
	url = {https://pro.europeana.eu/post/breathing-new-life-into-the-europeana-aggregators-forum},
	abstract = {A Steering Group has been formed to lead the Europeana Aggregator Forum and develop an accreditation scheme for aggregators.},
	language = {en-GB},
	urldate = {2019-07-24},
	journal = {Europeana Pro},
	author = {{Europeana}},
	keywords = {exemple},
	file = {Snapshot:files/524/breathing-new-life-into-the-europeana-aggregators-forum.html:text/html}
}

@misc{digital_public_library_of_america_our_nodate,
	title = {Our {Values}},
	url = {https://pro.dp.la/about-dpla-pro/our-values},
	abstract = {At DPLA, we share a passion for expanding the reach of openly available materials. We believe that access to trustworthy information is essential to a democratic society. Diversity strengthens us all, and we are committed to fostering inclusive communities and collections, and furthering social justice. Collaboration advances the impact of our network, leading our users …},
	language = {en},
	urldate = {2019-07-25},
	journal = {Digital Public Library of America},
	author = {{Digital Public Library of America}},
	keywords = {exemple},
	file = {Snapshot:files/527/our-values.html:text/html}
}

@misc{digital_public_library_of_america_history_nodate,
	title = {History},
	url = {https://pro.dp.la/about-dpla-pro/history},
	abstract = {The vision of a national digital library has been circulating among librarians, scholars, educators, and private industry representatives since the early 1990s. Efforts led by a range of organizations, including the Library of Congress, HathiTrust, and the Internet Archive, have successfully built resources that provide books, images, historic records, and audiovisual materials to anyone with …},
	language = {en},
	urldate = {2019-07-25},
	journal = {Digital Public Library of America},
	author = {{Digital Public Library of America}},
	keywords = {exemple},
	file = {Snapshot:files/529/history.html:text/html}
}

@misc{digital_public_library_of_america_strategic_nodate,
	title = {Strategic {Plan}},
	url = {https://pro.dp.la/about-dpla-pro/strategic-plan},
	abstract = {Collaborating for Equitable Access to Knowledge for All Introduction {\textbar} Who\&nbsp;We\&nbsp;Are {\textbar} Approach {\textbar} Audience {\textbar} Expanding\&nbsp;Our\&nbsp;Current\&nbsp;Work {\textbar} Long-Term\&nbsp;Success {\textbar} Conclusion Introduction A single point of access. A gateway to the cultural and intellectual riches stewarded by libraries, archives, and museums across the United States. Open to all, and only possible in the Digital Era. …},
	language = {en},
	urldate = {2019-07-25},
	journal = {Digital Public Library of America},
	author = {{Digital Public Library of America}},
	keywords = {exemple},
	file = {Snapshot:files/531/strategic-plan.html:text/html}
}

@misc{digital_public_library_of_america_membership_nodate,
	title = {Membership {Program}},
	url = {https://pro.dp.la/hubs/membership-program},
	abstract = {DPLA’s Membership Program is an opportunity to work together more effectively to achieve the common goal of bringing the riches of our nation’s cultural heritage organizations to a broad, engaged public. Request more information about Membership Membership Details Fees \$10,000/year; \$12,500/year for multi-state Hubs For the initial three year term fees will not change After …},
	language = {en},
	urldate = {2019-07-25},
	journal = {Digital Public Library of America},
	author = {{Digital Public Library of America}},
	keywords = {exemple},
	file = {Snapshot:files/533/membership-program.html:text/html}
}

@misc{digital_public_library_of_america_becoming_nodate,
	title = {Becoming a {Service} {Hub}},
	url = {https://pro.dp.la/prospective-hubs/becoming-a-service-hub},
	abstract = {Service Hub Models, Roles, and Responsibilities The current DPLA Service Hub network is made up of collaborations of all shapes and sizes. There is no one-size-fits-all model for Service Hub development, but there are some emerging trends including the sharing of resources, roles, and responsibilities: one institution does not need to provide all of the …},
	language = {en},
	urldate = {2019-07-25},
	journal = {Digital Public Library of America},
	author = {{Digital Public Library of America}},
	keywords = {exemple},
	file = {Snapshot:files/535/becoming-a-service-hub.html:text/html}
}

@misc{digital_public_library_of_america_metadata_nodate,
	title = {Metadata {Application} {Profile}},
	url = {https://pro.dp.la/hubs/metadata-application-profile},
	abstract = {Download the MAP The DPLA Metadata Application Profile (MAP) is the basis for how metadata is structured and validated in DPLA, and guides how metadata is stored, serialized, and made available through our API in JSON-LD. The MAP was originally developed in 2012 and has been updated occasionally since. It is based on the Europeana …},
	language = {en},
	urldate = {2019-07-25},
	journal = {Digital Public Library of America},
	author = {{Digital Public Library of America}},
	keywords = {exemple},
	file = {Snapshot:files/537/metadata-application-profile.html:text/html}
}

@misc{digital_public_library_of_america_understanding_nodate,
	title = {Understanding {Copyright}},
	url = {https://pro.dp.la/projects/understanding-copyright},
	abstract = {This is the third module in the Public Library Partnerships Project curriculum, given by Franky Abbott from Digital Public Library of America. It covers: how to identify content in the public domain how to identify content under copyright and pursue permissions orphan works fair use understanding risk rights and access statements The Public Library Partnerships …},
	language = {en},
	urldate = {2019-07-25},
	journal = {Digital Public Library of America},
	author = {{Digital Public Library of America}},
	keywords = {exemple},
	file = {Snapshot:files/539/understanding-copyright.html:text/html}
}

@misc{digital_public_library_of_america_projects_nodate,
	title = {Projects {\textbar} {DPLA}},
	url = {https://pro.dp.la/projects},
	urldate = {2019-07-25},
	author = {{Digital Public Library of America}},
	keywords = {exemple},
	file = {Projects | DPLA:files/541/projects.html:text/html}
}

@misc{digital_public_library_of_america_our_nodate-1,
	title = {Our {Supporters}},
	url = {https://pro.dp.la/about-dpla-pro/our-supporters},
	abstract = {DPLA is generously supported by the following foundations and government agencies: Alfred P. Sloan Foundation Andrew W. Mellon Foundation Institute of Museum and Library Services John S. and James L. Knight Foundation Whiting Foundation National Endowment for the Humanities Teagle Foundation},
	language = {en},
	urldate = {2019-07-25},
	journal = {Digital Public Library of America},
	author = {{Digital Public Library of America}},
	keywords = {exemple},
	file = {Snapshot:files/543/our-supporters.html:text/html}
}

@misc{noauthor_curation_2019,
	title = {Curation de contenu},
	copyright = {Creative Commons Attribution-ShareAlike License},
	url = {https://fr.wikipedia.org/w/index.php?title=Curation_de_contenu&oldid=160878957},
	abstract = {La curation de contenu (étymologiquement du latin curare : prendre soin et de l'anglais content curation ou data curation) est un néologisme en français correspondant à une pratique qui consiste à sélectionner, éditer et partager les contenus les plus pertinents du Web pour une requête ou un sujet donné. La curation est utilisée et revendiquée par des sites qui souhaitent offrir une plus grande visibilité et une meilleure lisibilité à des contenus (textes, documents, images, vidéos, sons…) qu'ils jugent utiles aux internautes et dont le partage peut les aider ou les intéresser.
La curation est également une manière rapide et peu coûteuse d'alimenter un site sans produire soi-même de contenu. Le contenu ainsi mis en avant permet non seulement d'alimenter le site — même si dans la plupart des cas le site renvoie sur la source originale — mais également d'obtenir un meilleur référencement du site de curation par les moteurs de recherche.},
	language = {fr},
	urldate = {2019-07-30},
	journal = {Wikipédia},
	month = jul,
	year = {2019},
	note = {Page Version ID: 160878957},
	keywords = {gloss},
	file = {Snapshot:files/546/index.html:text/html}
}